595.000 842.000
39.8510 80.6623 62.3015 13.8381 Accepted
106.307 80.6623 73.0762 13.8381 Manuscript

39.8510 138.322 54.2027 10.1479 Abstractive
97.1003 138.322 76.1205 10.1479 Summarization:
176.267 138.322 13.4027 10.1479 An
192.716 138.322 45.6657 10.1479 Overview
241.429 138.322 9.1397 10.1479 of
253.615 138.322 15.2329 10.1479 the
271.894 138.322 25.5890 10.1479 State
300.530 138.322 9.1397 10.1479 of
312.716 138.322 15.2329 10.1479 the
330.996 138.322 14.0055 10.1479 Art

39.8510 167.213 22.5315 10.1479 Som
65.4291 167.213 32.8986 10.1479 Gupta,
101.374 167.213 17.6657 10.1479 S.K
122.086 167.213 29.8520 10.1479 Gupta

39.8510 196.105 16.4493 10.1479 PII:

147.500 196.105 119.397 10.1479 S0957-4174(18)30773-5

39.8510 209.056 22.5315 10.1479 DOI:

147.500 209.056 207.134 10.1479 https://doi.org/10.1016/j.eswa.2018.12.011

39.8510 222.008 53.6000 10.1479 Reference:

147.500 222.008 32.2740 10.1479 ESWA
182.820 222.008 30.4657 10.1479 12352

39.8510 258.870 12.7890 10.1479 To
55.6866 258.870 34.1151 10.1479 appear
92.8482 258.870 11.5726 10.1479 in:

147.505 258.892 31.6712 10.1589 Expert
182.222 258.892 42.0164 10.1589 Systems
227.285 258.892 21.9178 10.1589 With
252.250 258.892 59.0794 10.1589 Applications

39.8510 287.761 45.6767 10.1479 Received
88.5743 287.761 24.3726 10.1479 date:

147.500 287.761 6.0931 10.1479 3
156.640 287.761 53.6000 10.1479 September
213.286 287.761 24.3726 10.1479 2018

39.8510 300.713 39.5835 10.1479 Revised
82.4811 300.713 24.3726 10.1479 date:

147.500 300.713 12.1863 10.1479 28
162.733 300.713 38.9808 10.1479 October
204.760 300.713 24.3726 10.1479 2018

39.8510 313.664 45.6877 10.1479 Accepted
88.5852 313.664 24.3726 10.1479 date:

147.500 313.664 6.0931 10.1479 6
156.640 313.664 50.5424 10.1479 December
210.229 313.664 24.3726 10.1479 2018

39.8510 342.556 33.5014 10.1479 Please
75.5441 342.556 17.0520 10.1479 cite
94.7880 342.556 17.0520 10.1479 this
114.031 342.556 29.2274 10.1479 article
145.451 342.556 14.6192 10.1479 as:
162.261 342.556 22.5315 10.1479 Som
187.840 342.556 32.8986 10.1479 Gupta,
222.930 342.556 17.6657 10.1479 S.K
243.642 342.556 32.8986 10.1479 Gupta,
278.733 342.556 54.2027 10.1479 Abstractive
335.127 342.556 76.1205 10.1479 Summarization:
413.439 342.556 13.4027 10.1479 An
429.034 342.556 45.6657 10.1479 Overview
476.891 342.556 9.1397 10.1479 of
488.223 342.556 15.2329 10.1479 the
505.648 342.556 25.5890 10.1479 State

39.8510 355.507 9.1397 10.1479 of
52.0373 355.507 15.2329 10.1479 the
70.3167 355.507 17.0520 10.1479 Art,
90.4150 355.529 31.6712 10.1589 Expert
125.132 355.529 42.0164 10.1589 Systems
170.195 355.529 21.9178 10.1589 With
195.160 355.529 59.0794 10.1589 Applications
257.286 355.507 34.7178 10.1479 (2018),
295.050 355.507 17.6657 10.1479 doi:
315.762 355.507 207.134 10.1479 https://doi.org/10.1016/j.eswa.2018.12.011

39.8510 416.279 20.7014 10.1479 This
65.0893 416.279 7.9123 10.1479 is
77.5496 416.279 6.0931 10.1479 a
88.1797 416.279 21.9178 10.1479 PDF
114.645 416.279 14.0055 10.1479 ﬁle
133.188 416.279 9.1397 10.1479 of
146.864 416.279 12.1863 10.1479 an
163.598 416.279 42.0383 10.1479 unedited
210.174 416.279 53.5890 10.1479 manuscript
268.311 416.279 18.2794 10.1479 that
291.127 416.279 17.6657 10.1479 has
313.341 416.279 24.3726 10.1479 been
342.250 416.279 44.4712 10.1479 accepted
391.259 416.279 12.7890 10.1479 for
408.596 416.279 55.4301 10.1479 publication.
468.563 416.279 12.7890 10.1479 As
485.900 416.279 6.0931 10.1479 a
496.530 416.279 34.7068 10.1479 service

39.8510 429.231 9.1397 10.1479 to
52.7606 429.231 15.8356 10.1479 our
72.3661 429.231 50.5424 10.1479 customers
126.678 429.231 14.0055 10.1479 we
144.453 429.231 15.8356 10.1479 are
164.059 429.231 44.4603 10.1479 providing
212.289 429.231 17.0520 10.1479 this
233.111 429.231 23.7479 10.1479 early
260.629 429.231 35.3205 10.1479 version
299.719 429.231 9.1397 10.1479 of
312.629 429.231 15.2329 10.1479 the
331.631 429.231 56.6356 10.1479 manuscript.
392.037 429.231 18.8822 10.1479 The
414.689 429.231 53.5890 10.1479 manuscript
472.048 429.231 15.2110 10.1479 will
491.028 429.231 40.2082 10.1479 undergo

39.8510 442.182 58.4767 10.1479 copyediting,
101.253 442.182 56.0438 10.1479 typesetting,
160.212 442.182 18.2794 10.1479 and
181.418 442.182 31.6603 10.1479 review
216.004 442.182 9.1397 10.1479 of
228.059 442.182 15.2329 10.1479 the
246.218 442.182 41.4137 10.1479 resulting
290.546 442.182 24.9753 10.1479 proof
318.448 442.182 31.0685 10.1479 before
352.442 442.182 5.4794 10.1479 it
360.837 442.182 7.9123 10.1479 is
371.675 442.182 46.9041 10.1479 published
421.505 442.182 8.5260 10.1479 in
432.946 442.182 10.9589 10.1479 its
446.831 442.182 20.0986 10.1479 ﬁnal
469.856 442.182 24.9644 10.1479 form.
497.735 442.182 33.5014 10.1479 Please

39.8510 455.134 21.3260 10.1479 note
64.4099 455.134 18.2794 10.1479 that
85.9332 455.134 30.4548 10.1479 during
119.620 455.134 15.2329 10.1479 the
138.097 455.134 51.1671 10.1479 production
192.497 455.134 38.3671 10.1479 process
234.097 455.134 28.6137 10.1479 errors
265.955 455.134 20.7014 10.1479 may
289.889 455.134 12.1863 10.1479 be
305.319 455.134 52.9863 10.1479 discovered
361.538 455.134 28.0109 10.1479 which
392.793 455.134 26.1918 10.1479 could
422.218 455.134 26.8055 10.1479 affect
452.256 455.134 15.2329 10.1479 the
470.733 455.134 38.9918 10.1479 content,
512.957 455.134 18.2794 10.1479 and

39.8510 468.085 10.9589 10.1479 all
53.8565 468.085 23.1452 10.1479 legal
80.0482 468.085 54.7945 10.1479 disclaimers
137.889 468.085 18.2794 10.1479 that
159.215 468.085 26.1918 10.1479 apply
188.453 468.085 9.1397 10.1479 to
200.640 468.085 15.2329 10.1479 the
218.919 468.085 32.8877 10.1479 journal
254.853 468.085 36.5479 10.1479 pertain.

210.051 21.8897 72.3402 12.7684 ACCEPTED
285.891 21.8897 90.2327 12.7684 MANUSCRIPT

54.9470 623.773 45.6014 26.4027 A
79.5679 599.382 45.6014 24.3914 C
102.313 574.991 45.6014 24.3914 C
125.058 552.647 45.6014 22.3435 E
145.894 532.315 45.6014 20.3323 P
164.854 509.971 45.6014 22.3435 T
185.689 487.628 45.6014 22.3435 E
206.525 461.225 45.6014 26.4027 D

239.671 419.573 45.6014 32.5097 M

269.987 393.171 45.6014 26.4027 A
294.608 366.768 45.6014 26.4027 N
319.229 340.365 45.6014 26.4027 U
343.850 320.033 45.6014 20.3323 S
362.810 295.642 45.6014 24.3914 C
385.555 271.250 45.6014 24.3914 R
408.300 259.073 45.6014 12.1774 I
419.656 238.741 45.6014 20.3323 P
438.616 216.397 45.6014 22.3435 T

118.017 150.453 70.3637 13.9684 Highlights

132.553 174.634 4.8453 16.8131 •
142.244 174.876 23.2844 9.6905 AMR
168.755 174.876 30.8352 9.6905 Graphs
202.827 174.876 12.9475 9.6905 are
219.002 174.876 23.7418 9.6905 based
245.971 174.876 21.2688 9.6905 upon
270.466 174.876 46.6502 9.6905 PropBanks
320.353 174.876 24.4938 9.6905 which
348.074 174.876 23.7418 9.6905 limits
375.042 174.876 21.5343 9.6905 them

132.553 194.014 4.8453 16.8131 •
142.244 194.257 21.3996 9.6905 Deep
166.813 194.257 37.2998 9.6905 Learning
207.281 194.257 29.3962 9.6905 models
239.836 194.257 31.7907 9.6905 capture
274.796 194.257 19.6533 9.6905 both
297.608 194.257 13.4592 9.6905 the
314.236 194.257 37.7368 9.6905 syntactic
355.142 194.257 15.6037 9.6905 and
373.914 194.257 36.9286 9.6905 semantic
414.012 194.257 38.3318 9.6905 structure

132.553 213.395 4.8453 16.8131 •
142.244 213.638 53.9956 9.6905 Requirement
199.476 213.638 7.8067 9.6905 of
210.510 213.638 20.4848 9.6905 large
234.222 213.638 18.8432 9.6905 data
256.302 213.638 11.8971 9.6905 set
271.426 213.638 23.7418 9.6905 limits
298.394 213.638 13.4592 9.6905 the
315.090 213.638 13.5125 9.6905 use
331.829 213.638 7.8067 9.6905 of
342.863 213.638 21.3996 9.6905 Deep
367.499 213.638 37.3095 9.6905 Learning
408.036 213.638 30.2044 9.6905 Models

132.553 232.776 4.8453 16.8131 •
142.244 233.018 21.2649 9.6905 Need
167.482 233.018 7.8067 9.6905 of
179.262 233.018 46.8643 9.6905 generalized
230.099 233.018 44.4669 9.6905 framework
278.539 233.018 11.6025 9.6905 for
294.115 233.018 46.3779 9.6905 abstractive
344.466 233.018 44.8177 9.6905 summaries
393.266 233.018 6.5043 9.6905 is
403.754 233.018 13.4495 9.6905 the
421.186 233.018 19.3810 9.6905 need
444.540 233.018 7.8067 9.6905 of

142.244 244.648 18.8422 9.6905 time

282.757 706.012 4.8453 9.6905 1

210.051 21.8897 72.3402 12.7684 ACCEPTED
285.891 21.8897 90.2327 12.7684 MANUSCRIPT

54.9470 623.773 45.6014 26.4027 A
79.5679 599.382 45.6014 24.3914 C
102.313 574.991 45.6014 24.3914 C
125.058 552.647 45.6014 22.3435 E
145.894 532.315 45.6014 20.3323 P
164.854 509.971 45.6014 22.3435 T
185.689 487.628 45.6014 22.3435 E
206.525 461.225 45.6014 26.4027 D

239.671 419.573 45.6014 32.5097 M

269.987 393.171 45.6014 26.4027 A
294.608 366.768 45.6014 26.4027 N
319.229 340.365 45.6014 26.4027 U
343.850 320.033 45.6014 20.3323 S
362.810 295.642 45.6014 24.3914 C
385.555 271.250 45.6014 24.3914 R
408.300 259.073 45.6014 12.1774 I
419.656 238.741 45.6014 20.3323 P
438.616 216.397 45.6014 22.3435 T

115.952 137.778 59.9951 14.6509 Abstractive
179.230 137.778 83.8750 14.6509 Summarization:
267.174 137.778 16.0424 14.6509 An
286.499 137.778 51.2387 14.6509 Overview
341.019 137.778 10.9356 14.6509 of
355.237 137.778 16.0424 14.6509 the
374.561 137.778 26.2561 14.6509 State
404.100 137.778 10.9356 14.6509 of
418.317 137.778 16.0424 14.6509 the
437.642 137.778 17.4997 14.6509 Art

263.083 168.730 16.7199 10.1742 Som
282.082 168.730 22.2811 10.1742 Gupta
304.363 167.876 3.1908 7.1219 1

262.218 186.887 18.6418 8.0227 AKTU
282.683 186.887 26.1904 8.0227 Lucknow

264.478 203.373 13.9302 10.1742 S.K
280.687 203.373 22.2811 10.1742 Gupta
302.968 202.519 3.1908 7.1219 2

267.415 219.251 15.3962 8.0227 BIET
284.635 219.251 19.0429 8.0227 Jhansi

201.001 235.205 66.6684 8.0227 somi.11ce@gmail.com
267.669 234.167 10.7811 6.0170 1,1,∗
277.995 235.205 1.8233 8.0227 ,
281.642 235.205 22.6896 8.0227 guptask
306.957 235.205 59.9442 8.0227 biet@rediﬀmail.com
366.901 234.167 2.7350 6.0170 1

72.2164 293.965 33.9230 10.5115 Abstract

72.2164 310.712 57.9910 10.1742 Summarization,
133.288 310.712 6.0808 10.1742 is
142.296 310.712 7.0928 10.1742 to
152.315 310.712 24.2959 10.1742 reduce
179.537 310.712 11.1405 10.1742 the
193.595 310.712 14.1764 10.1742 size
210.698 310.712 7.5942 10.1742 of
221.218 310.712 11.1405 10.1742 the
235.276 310.712 35.9561 10.1742 document
274.159 310.712 20.2572 10.1742 while
297.342 310.712 38.4814 10.1742 preserving
338.741 310.712 11.1405 10.1742 the
352.808 310.712 33.6769 10.1742 meaning,
389.576 310.712 6.0808 10.1742 is
398.574 310.712 13.1644 10.1742 one
414.665 310.712 7.5942 10.1742 of
425.185 310.712 11.1405 10.1742 the
439.243 310.712 17.7319 10.1742 most
459.901 310.712 38.9737 10.1742 researched

72.2164 321.652 18.7256 10.1742 areas
93.2211 321.652 24.8155 10.1742 among
120.324 321.652 11.1405 10.1742 the
133.744 321.652 27.3408 10.1742 Natural
163.373 321.652 35.9469 10.1742 Language
201.599 321.652 62.7955 10.1742 Processing(NLP)
266.683 321.652 43.2220 10.1742 community.
312.740 321.652 55.7118 10.1742 Summarization
370.741 321.652 41.2711 10.1742 techniques,
414.291 321.652 9.1166 10.1742 on
425.696 321.652 11.1405 10.1742 the
439.115 321.652 18.2333 10.1742 basis
459.637 321.652 7.5942 10.1742 of
469.510 321.652 29.3647 10.1742 whether

72.2164 332.592 11.1405 10.1742 the
86.3654 332.592 19.0994 10.1742 exact
108.473 332.592 34.9350 10.1742 sentences
146.416 332.592 11.1314 10.1742 are
160.556 332.592 39.4933 10.1742 considered
203.058 332.592 7.5942 10.1742 as
213.661 332.592 15.5621 10.1742 they
232.231 332.592 24.2959 10.1742 appear
259.536 332.592 7.0928 10.1742 in
269.637 332.592 11.1405 10.1742 the
283.786 332.592 28.3619 10.1742 original
315.147 332.592 13.5382 10.1742 text
331.694 332.592 7.5942 10.1742 or
342.297 332.592 14.9604 10.1742 new
360.266 332.592 34.9350 10.1742 sentences
398.209 332.592 11.1314 10.1742 are
412.349 332.592 35.4364 10.1742 generated
450.794 332.592 19.7558 10.1742 using
473.558 332.592 25.3169 10.1742 natural

72.2164 343.532 32.9111 10.1742 language
107.434 343.532 38.9919 10.1742 processing
148.732 343.532 41.2711 10.1742 techniques,
192.319 343.532 11.1314 10.1742 are
205.757 343.532 41.8819 10.1742 categorized
249.945 343.532 14.1855 10.1742 into
266.437 343.532 35.4455 10.1742 extractive
304.189 343.532 13.1644 10.1742 and
319.660 343.532 39.1287 10.1742 abstractive
361.095 343.532 41.2711 10.1742 techniques.
405.274 343.532 37.1048 10.1742 Extractive
444.686 343.532 54.1894 10.1742 summarization

72.2164 354.472 12.1525 10.1742 has
87.6508 354.472 17.2122 10.1742 been
108.154 354.472 4.0478 10.1742 a
115.484 354.472 16.0635 10.1742 very
134.838 354.472 41.0249 10.1742 extensively
179.145 354.472 38.9737 10.1742 researched
221.401 354.472 18.2333 10.1742 topic
242.925 354.472 13.1644 10.1742 and
259.372 354.472 12.1525 10.1742 has
274.815 354.472 28.3437 10.1742 reached
306.441 354.472 7.0928 10.1742 to
316.816 354.472 8.6152 10.1742 its
328.722 354.472 30.8963 10.1742 maturity
362.900 354.472 21.0139 10.1742 stage.
389.758 354.472 17.4948 10.1742 Now
410.544 354.472 11.1405 10.1742 the
424.966 354.472 30.3676 10.1742 research
458.625 354.472 12.1525 10.1742 has
474.060 354.472 24.8155 10.1742 shifted

72.2164 365.412 28.5442 10.1742 towards
103.012 365.412 11.1405 10.1742 the
116.395 365.412 39.1287 10.1742 abstractive
157.776 365.412 56.4685 10.1742 summarization.
217.061 365.412 14.1764 10.1742 The
233.480 365.412 46.4584 10.1742 complexities
282.191 365.412 39.5024 10.1742 underlying
323.936 365.412 16.2094 10.1742 with
342.397 365.412 11.1405 10.1742 the
355.789 365.412 25.3169 10.1742 natural
383.349 365.412 32.9111 10.1742 language
418.512 365.412 13.5382 10.1742 text
434.293 365.412 23.2019 10.1742 makes
459.746 365.412 39.1287 10.1742 abstractive

72.2164 376.352 54.1894 10.1742 summarization
128.684 376.352 4.0478 10.1742 a
135.011 376.352 28.3078 10.1742 diﬃcult
165.598 376.352 13.1644 10.1742 and
181.042 376.352 4.0478 10.1742 a
187.369 376.352 42.5383 10.1742 challenging
232.186 376.352 16.9661 10.1742 task.

81.3334 387.292 16.2094 10.1742 This
99.5667 387.292 20.2481 10.1742 paper
121.838 387.292 29.8753 10.1742 presents
153.728 387.292 4.0478 10.1742 a
159.800 387.292 54.8275 10.1742 comprehensive
216.651 387.292 24.3506 10.1742 review
243.026 387.292 7.5942 10.1742 of
252.644 387.292 11.1405 10.1742 the
265.808 387.292 26.6115 10.1742 various
294.435 387.292 22.1899 10.1742 works
318.648 387.292 37.9708 10.1742 performed
358.643 387.292 7.0928 10.1742 in
367.760 387.292 39.1287 10.1742 abstractive
408.912 387.292 54.1894 10.1742 summarization
465.116 387.292 18.4886 10.1742 ﬁeld.
486.349 387.292 12.5263 10.1742 For

72.2164 398.232 13.1736 10.1742 this
87.8423 398.232 31.1425 10.1742 purpose,
121.482 398.232 10.6300 10.1742 we
134.574 398.232 16.8932 10.1742 have
153.919 398.232 29.3647 10.1742 selected
185.736 398.232 11.1405 10.1742 the
199.329 398.232 22.2720 10.1742 recent
224.063 398.232 23.7945 10.1742 papers
250.310 398.232 9.1166 10.1742 on
261.879 398.232 13.1736 10.1742 this
277.514 398.232 18.2333 10.1742 topic
298.199 398.232 17.7228 10.1742 from
318.375 398.232 31.5618 10.1742 Elsevier,
352.434 398.232 22.6822 10.1742 ACM,
377.569 398.232 22.0258 10.1742 IEEE,
402.056 398.232 33.3122 10.1742 Springer,
437.866 398.232 17.8686 10.1742 ACL
458.187 398.232 40.6876 10.1742 Anthology,

72.2164 409.173 27.3499 10.1742 Cornell
103.130 409.173 38.1258 10.1742 University
144.821 409.173 27.3408 10.1742 Library
175.735 409.173 13.1644 10.1742 and
192.464 409.173 26.8394 10.1742 Google
222.869 409.173 29.6291 10.1742 Scholar.
259.189 409.173 14.1764 10.1742 The
276.930 409.173 23.7945 10.1742 papers
304.289 409.173 11.1314 10.1742 are
318.994 409.173 41.8819 10.1742 categorized
364.441 409.173 35.9469 10.1742 according
403.953 409.173 7.0928 10.1742 to
414.610 409.173 11.1405 10.1742 the
429.324 409.173 15.6989 10.1742 type
448.588 409.173 7.5942 10.1742 of
459.746 409.173 39.1287 10.1742 abstractive

72.2164 420.113 35.4455 10.1742 technique
110.670 420.113 18.9900 10.1742 used.
134.674 420.113 14.1764 10.1742 The
151.859 420.113 20.2481 10.1742 paper
175.116 420.113 14.6960 10.1742 lists
192.820 420.113 20.0293 10.1742 down
215.858 420.113 11.1405 10.1742 the
230.016 420.113 26.6115 10.1742 various
259.636 420.113 38.4814 10.1742 challenges
301.126 420.113 13.1644 10.1742 and
317.299 420.113 33.9322 10.1742 discusses
354.239 420.113 11.1405 10.1742 the
368.388 420.113 21.7706 10.1742 future
393.168 420.113 32.4097 10.1742 direction
428.586 420.113 10.6300 10.1742 for
442.224 420.113 30.3676 10.1742 research
475.600 420.113 7.0928 10.1742 in
485.702 420.113 13.1736 10.1742 this

72.2164 431.052 18.4886 10.1742 ﬁeld.
93.8775 431.052 22.7916 10.1742 Along
119.066 431.052 16.2094 10.1742 with
137.664 431.052 21.0139 10.1742 these,
161.103 431.052 10.6300 10.1742 we
174.131 431.052 16.8932 10.1742 have
193.413 431.052 34.4427 10.1742 identiﬁed
230.253 431.052 11.1405 10.1742 the
243.791 431.052 40.2774 10.1742 advantages
286.457 431.052 13.1644 10.1742 and
302.019 431.052 50.9165 10.1742 disadvantages
355.333 431.052 7.5942 10.1742 of
365.316 431.052 26.6115 10.1742 various
394.325 431.052 30.8963 10.1742 methods
427.619 431.052 16.7108 10.1742 used
446.719 431.052 10.6300 10.1742 for
459.746 431.052 39.1287 10.1742 abstractive

72.2164 441.992 56.4685 10.1742 summarization.
133.653 441.992 11.9246 10.1742 We
148.577 441.992 16.8932 10.1742 have
168.460 441.992 14.6869 10.1742 also
186.147 441.992 19.7558 10.1742 listed
208.893 441.992 20.0293 10.1742 down
231.912 441.992 11.1405 10.1742 the
246.052 441.992 26.6115 10.1742 various
275.654 441.992 17.7319 10.1742 tools
296.385 441.992 22.2811 10.1742 which
321.657 441.992 16.8932 10.1742 have
341.549 441.992 17.2122 10.1742 been
361.752 441.992 16.7108 10.1742 used
381.453 441.992 7.5942 10.1742 or
392.046 441.992 37.1048 10.1742 developed
432.141 441.992 9.1166 10.1742 by
444.257 441.992 40.9976 10.1742 researchers
488.245 441.992 10.6300 10.1742 for

72.2164 452.932 39.1287 10.1742 abstractive
113.332 452.932 56.4685 10.1742 summarization.
172.526 452.932 14.1764 10.1742 The
188.690 452.932 20.2481 10.1742 paper
210.926 452.932 14.6869 10.1742 also
227.600 452.932 33.9322 10.1742 discusses
263.520 452.932 11.1405 10.1742 the
276.648 452.932 37.5241 10.1742 evaluation
316.159 452.932 38.9919 10.1742 techniques
357.139 452.932 20.2572 10.1742 being
379.383 452.932 16.7108 10.1742 used
398.081 452.932 10.6300 10.1742 for
410.699 452.932 33.9322 10.1742 assessing
446.618 452.932 11.1405 10.1742 the
459.746 452.932 39.1287 10.1742 abstractive

72.2164 463.872 41.7816 10.1742 summaries.

72.2164 479.457 38.5725 10.0283 Keywords:
116.441 479.321 39.1287 10.1742 abstractive
157.849 479.321 56.4685 10.1742 summarization,
216.597 479.321 28.3528 10.1742 concept
247.229 479.321 28.1157 10.1742 ﬁnding,
277.624 479.321 59.2491 10.1742 Semantic-Based
339.152 479.321 57.9910 10.1742 Summarization,
399.422 479.321 59.7596 10.1742 Ontology-Based

72.2164 490.260 57.9910 10.1742 Summarization,
132.486 490.260 19.2361 10.1742 Deep
154.001 490.260 35.4455 10.1742 Learning;

72.2164 521.444 6.8375 10.5115 1.
83.6122 521.444 49.4761 10.5115 Introduction

81.3334 542.027 14.1764 10.1742 The
99.6578 542.027 42.4015 10.1742 exponential
146.216 542.027 25.5995 10.1742 growth
175.964 542.027 7.5942 10.1742 of
187.706 542.027 43.0488 10.1742 information
234.903 542.027 13.1644 10.1742 due
252.224 542.027 7.0928 10.1742 to
263.465 542.027 11.1405 10.1742 the

72.2164 552.967 37.4785 10.1742 popularity
112.584 552.967 7.5942 10.1742 of
123.069 552.967 15.1883 10.1742 web
141.156 552.967 45.7200 10.1742 environment
189.766 552.967 12.1525 10.1742 has
204.808 552.967 15.1883 10.1742 lead
222.887 552.967 7.0928 10.1742 to
232.879 552.967 11.1405 10.1742 the
246.909 552.967 17.2122 10.1742 need
267.011 552.967 7.5942 10.1742 of

72.2164 563.908 35.9561 10.1742 automatic
111.563 563.908 54.1894 10.1742 summarization
169.144 563.908 7.0928 10.1742 in
179.628 563.908 19.2361 10.1742 order
202.256 563.908 7.0928 10.1742 to
212.740 563.908 24.2959 10.1742 reduce
240.427 563.908 11.1405 10.1742 the
254.959 563.908 19.6470 10.1742 eﬀort

72.2164 574.847 13.1644 10.1742 and
87.1859 574.847 16.2094 10.1742 time
105.209 574.847 20.2572 10.1742 while
127.271 574.847 25.8366 10.1742 ﬁnding
154.922 574.847 11.1405 10.1742 the
167.868 574.847 27.3408 10.1742 concise
197.014 574.847 13.1644 10.1742 and
211.992 574.847 28.9089 10.1742 relevant
242.706 574.847 31.8992 10.1742 informa-

72.2164 585.787 14.1855 10.1742 tion
88.6263 585.787 35.9469 10.1742 according
126.806 585.787 7.0928 10.1742 to
136.124 585.787 11.1405 10.1742 the
149.489 585.787 22.4452 10.1742 query.
174.742 585.787 55.7118 10.1742 Summarization
232.678 585.787 6.0808 10.1742 is
240.992 585.787 7.0928 10.1742 to
250.310 585.787 24.2959 10.1742 reduce

72.2164 596.727 11.1405 10.1742 the
85.9460 596.727 26.8394 10.1742 content
115.365 596.727 7.5942 10.1742 of
125.548 596.727 11.1405 10.1742 the
139.269 596.727 13.5382 10.1742 text
155.396 596.727 20.2572 10.1742 while
178.233 596.727 38.4814 10.1742 preserving
219.304 596.727 11.1405 10.1742 the
233.024 596.727 31.3977 10.1742 meaning
267.011 596.727 7.5942 10.1742 of

72.2164 607.667 11.1405 10.1742 the
85.5540 607.667 15.8174 10.1742 text.
104.170 607.667 27.8514 10.1742 Various
134.227 607.667 18.6435 10.1742 ways
155.068 607.667 7.0928 10.1742 to
164.358 607.667 18.7347 10.1742 write
185.290 607.667 11.1405 10.1742 the
198.627 607.667 18.7347 10.1742 same
219.568 607.667 18.7438 10.1742 thing
240.509 607.667 12.1525 10.1742 has
254.859 607.667 19.7467 10.1742 made

82.3125 638.709 2.5764 9.9007 ∗
85.3442 639.544 13.3760 8.1394 Som
100.543 639.544 17.8249 8.1394 Gupta

85.3442 648.315 17.4238 8.0227 Email
104.591 648.315 24.8484 8.0227 address:
131.700 649.657 73.6168 6.7901 somi.11ce@gmail.com

72.2164 656.866 25.1183 8.1394 (guptask
99.9600 656.866 63.1538 8.1394 biet@rediﬀmail.com)

85.3442 665.637 16.2058 8.0227 URL:
103.373 666.979 54.2420 6.7901 www.aktu.ac.in
159.441 665.527 72.3499 8.1394 (somi.11ce@gmail.com)

82.1533 673.422 2.7350 6.1045 1
85.3442 674.432 26.7301 8.1394 Research
116.515 674.432 23.8127 8.1394 Scholar,
145.419 674.432 12.9676 8.1394 PhD
162.821 674.432 13.9813 8.1394 Cell,
181.900 674.432 20.2536 8.1394 AKTU
206.588 674.432 68.0177 8.1394 Lucknow,UP,India,Pin-

72.2164 683.093 21.8800 8.1394 226031

82.1533 690.988 2.7350 6.1045 2
85.3442 691.998 28.3565 8.1394 Associate
115.524 691.998 29.0785 8.1394 Professor,
146.425 691.998 16.2058 8.1394 BIET
164.455 691.998 81.2405 8.1394 Jhansi,UP,India,Pin-284128

296.486 521.782 13.1736 10.1742 this
313.434 521.782 18.2333 10.1742 topic
335.442 521.782 8.6061 10.1742 an
347.822 521.782 38.4905 10.1742 interesting
390.087 521.782 18.2333 10.1742 topic
412.095 521.782 24.8155 10.1742 among
440.684 521.782 11.1405 10.1742 the
455.599 521.782 43.2767 10.1742 researchers.

296.486 532.721 21.2600 10.1742 There
321.202 532.721 12.1525 10.1742 has
336.809 532.721 17.2122 10.1742 been
357.486 532.721 4.0478 10.1742 a
364.989 532.721 9.6272 10.1742 lot
378.071 532.721 7.5942 10.1742 of
389.121 532.721 18.6435 10.1742 work
411.219 532.721 17.7228 10.1742 done
432.397 532.721 7.0928 10.1742 in
442.954 532.721 11.1405 10.1742 the
457.550 532.721 15.1792 10.1742 area
476.185 532.721 7.5942 10.1742 of
487.234 532.721 11.6420 10.1742 au-

296.486 543.661 27.3499 10.1742 tomatic
327.957 543.661 54.1894 10.1742 summarization
386.267 543.661 7.0928 10.1742 in
397.481 543.661 11.1405 10.1742 the
412.751 543.661 22.2720 10.1742 recent
439.144 543.661 21.5153 10.1742 years.
469.010 543.661 29.8661 10.1742 Accord-

296.486 554.602 11.6511 10.1742 ing
310.900 554.602 7.0928 10.1742 to
320.755 554.602 15.4710 10.1742 how
338.988 554.602 11.1405 10.1742 the
352.891 554.602 26.8394 10.1742 content
382.493 554.602 6.0808 10.1742 is
391.327 554.602 29.3647 10.1742 selected
423.454 554.602 13.1644 10.1742 and
439.381 554.602 35.7373 10.1742 organized
477.880 554.602 7.0928 10.1742 in
487.735 554.602 11.1405 10.1742 the

296.486 565.542 35.6187 10.1742 summary,
334.056 565.542 11.1405 10.1742 the
347.066 565.542 54.1894 10.1742 summarization
403.133 565.542 38.9919 10.1742 techniques
443.994 565.542 11.1314 10.1742 are
456.994 565.542 41.8819 10.1742 categorized

296.486 576.482 14.1855 10.1742 into
314.401 576.482 35.4455 10.1742 extractive
353.575 576.482 13.1644 10.1742 and
370.468 576.482 39.1287 10.1742 abstractive
413.325 576.482 41.2711 10.1742 techniques.
461.771 576.482 37.1048 10.1742 Extractive

296.486 587.422 54.1894 10.1742 summarization
353.374 587.422 6.0808 10.1742 is
362.154 587.422 7.0928 10.1742 to
371.945 587.422 14.1855 10.1742 ﬁnd
388.829 587.422 11.6511 10.1742 out
403.169 587.422 11.1405 10.1742 the
417.009 587.422 17.7319 10.1742 most
437.439 587.422 23.8036 10.1742 salient
463.941 587.422 34.9350 10.1742 sentences

296.486 598.362 17.7228 10.1742 from
316.798 598.362 11.1405 10.1742 the
330.528 598.362 13.5382 10.1742 text
346.664 598.362 9.1166 10.1742 by
358.370 598.362 42.5383 10.1742 considering
403.498 598.362 11.1405 10.1742 the
417.236 598.362 34.4427 10.1742 statistical
454.268 598.362 28.8542 10.1742 features
485.712 598.362 13.1644 10.1742 and

296.486 609.301 15.6989 10.1742 then
313.954 609.301 34.9350 10.1742 arranging
350.667 609.301 11.1405 10.1742 the
363.576 609.301 33.2758 10.1742 extracted
398.629 609.301 34.9350 10.1742 sentences
435.333 609.301 7.0928 10.1742 to
444.194 609.301 21.7614 10.1742 create
467.734 609.301 11.1405 10.1742 the
480.643 609.301 18.2333 10.1742 sum-

296.486 620.242 20.4213 10.1742 mary.
324.429 620.242 41.6631 10.1742 Abstractive
369.930 620.242 56.4685 10.1742 summarization,
430.629 620.242 9.1166 10.1742 on
443.593 620.242 11.1405 10.1742 the
458.580 620.242 18.7347 10.1742 other
481.153 620.242 17.7228 10.1742 hand

296.486 631.182 6.0808 10.1742 is
306.095 631.182 4.0478 10.1742 a
313.671 631.182 35.4455 10.1742 technique
352.636 631.182 7.0928 10.1742 in
363.257 631.182 22.2811 10.1742 which
389.066 631.182 11.1405 10.1742 the
403.735 631.182 33.9322 10.1742 summary
441.186 631.182 6.0808 10.1742 is
450.795 631.182 35.4364 10.1742 generated
489.759 631.182 9.1166 10.1742 by

296.486 642.122 38.4814 10.1742 generating
338.095 642.122 19.9837 10.1742 novel
361.206 642.122 34.9350 10.1742 sentences
399.268 642.122 9.1166 10.1742 by
411.520 642.122 20.7586 10.1742 either
435.406 642.122 38.4814 10.1742 rephrasing
477.014 642.122 7.5942 10.1742 or
487.735 642.122 11.1405 10.1742 us-

296.486 653.062 11.6511 10.1742 ing
310.553 653.062 11.1405 10.1742 the
324.110 653.062 14.9604 10.1742 new
341.495 653.062 24.4691 10.1742 words,
368.417 653.062 25.8275 10.1742 instead
396.660 653.062 7.5942 10.1742 of
406.670 653.062 24.8246 10.1742 simply
433.920 653.062 36.3207 10.1742 extracting
472.657 653.062 11.1405 10.1742 the
486.213 653.062 12.6630 10.1742 im-

296.486 664.002 25.8275 10.1742 portant
326.198 664.002 37.2142 10.1742 sentences.
371.061 664.002 28.3528 10.1742 Internal
403.297 664.002 51.6458 10.1742 representation
458.836 664.002 7.5942 10.1742 of
470.314 664.002 11.1405 10.1742 the
485.338 664.002 13.5382 10.1742 text

296.486 674.942 6.0808 10.1742 is
305.220 674.942 26.3198 10.1742 created
334.193 674.942 9.1166 10.1742 by
345.962 674.942 35.4455 10.1742 analyzing
384.061 674.942 11.1405 10.1742 the
397.854 674.942 32.4097 10.1742 semantic
432.917 674.942 43.0488 10.1742 information
478.619 674.942 20.2572 10.1742 about

296.486 685.882 11.1405 10.1742 the
310.362 685.882 13.5382 10.1742 text
326.644 685.882 13.1644 10.1742 and
342.544 685.882 16.2094 10.1742 with
361.497 685.882 11.1405 10.1742 the
375.373 685.882 17.2122 10.1742 deep
395.320 685.882 29.3738 10.1742 analysis
427.438 685.882 13.1644 10.1742 and
443.337 685.882 37.7247 10.1742 reasoning,
483.916 685.882 14.9604 10.1742 new

72.2164 708.518 24.4473 8.0227 Preprint
98.4870 708.518 28.3638 8.0227 submitted
128.674 708.518 5.6742 8.0227 to
136.171 708.518 19.4440 8.0227 Expert
157.439 708.518 23.0907 8.0227 Systems
182.353 708.518 10.9400 8.0227 and
195.116 708.518 36.8751 8.0227 Applications

445.204 708.518 29.9683 8.0227 December
476.996 708.518 5.4700 8.0227 6,
484.289 708.518 14.5867 8.0227 2018

210.051 21.8897 72.3402 12.7684 ACCEPTED
285.891 21.8897 90.2327 12.7684 MANUSCRIPT

54.9470 623.773 45.6014 26.4027 A
79.5679 599.382 45.6014 24.3914 C
102.313 574.991 45.6014 24.3914 C
125.058 552.647 45.6014 22.3435 E
145.894 532.315 45.6014 20.3323 P
164.854 509.971 45.6014 22.3435 T
185.689 487.628 45.6014 22.3435 E
206.525 461.225 45.6014 26.4027 D

239.671 419.573 45.6014 32.5097 M

269.987 393.171 45.6014 26.4027 A
294.608 366.768 45.6014 26.4027 N
319.229 340.365 45.6014 26.4027 U
343.850 320.033 45.6014 20.3323 S
362.810 295.642 45.6014 24.3914 C
385.555 271.250 45.6014 24.3914 R
408.300 259.073 45.6014 12.1774 I
419.656 238.741 45.6014 20.3323 P
438.616 216.397 45.6014 22.3435 T

72.2164 132.420 34.9350 10.1742 sentences
110.123 132.420 11.1314 10.1742 are
124.235 132.420 35.4364 10.1742 generated
162.644 132.420 11.6511 10.1742 out
177.267 132.420 7.5942 10.1742 of
187.833 132.420 11.1405 10.1742 the
201.955 132.420 28.3619 10.1742 original
233.289 132.420 13.5382 10.1742 text
249.799 132.420 24.8064 10.1742 (Rach-

72.2164 143.360 33.6769 10.1742 abathuni,
109.375 143.360 23.5483 10.1742 2017).
139.351 143.360 11.1405 10.1742 On
153.974 143.360 11.1405 10.1742 the
168.588 143.360 18.2333 10.1742 basis
190.304 143.360 7.5942 10.1742 of
201.381 143.360 11.1405 10.1742 the
216.004 143.360 27.8514 10.1742 number
247.328 143.360 7.5942 10.1742 of
258.405 143.360 16.2003 10.1742 doc-

72.2164 154.300 26.3380 10.1742 uments
101.927 154.300 22.2811 10.1742 which
127.572 154.300 11.1314 10.1742 are
142.077 154.300 39.4933 10.1742 considered
184.934 154.300 10.6300 10.1742 for
198.937 154.300 56.4685 10.1742 summarization,
259.043 154.300 15.5621 10.1742 they

72.2164 165.240 11.1314 10.1742 are
85.5358 165.240 33.9322 10.1742 classiﬁed
121.665 165.240 14.1855 10.1742 into
138.038 165.240 60.7716 10.1742 single-document
201.007 165.240 13.1644 10.1742 and
216.359 165.240 58.2463 10.1742 multi-document

72.2164 176.180 56.4685 10.1742 summarization.
132.358 176.180 11.1405 10.1742 On
146.061 176.180 11.1405 10.1742 the
159.754 176.180 18.2333 10.1742 basis
180.549 176.180 7.5942 10.1742 of
190.705 176.180 15.4710 10.1742 how
208.738 176.180 20.2572 10.1742 much
231.557 176.180 43.0488 10.1742 information

72.2164 187.120 6.0808 10.1742 is
81.9803 187.120 7.0928 10.1742 to
92.7653 187.120 8.6061 10.1742 be
105.054 187.120 46.8413 10.1742 summarized,
155.934 187.120 15.5621 10.1742 they
175.188 187.120 11.1314 10.1742 are
190.003 187.120 33.9322 10.1742 classiﬁed
227.627 187.120 14.1855 10.1742 into
245.496 187.120 29.1095 10.1742 generic,

72.2164 198.060 22.2720 10.1742 where
97.8068 198.060 11.1405 10.1742 the
112.265 198.060 33.9322 10.1742 summary
149.507 198.060 7.5942 10.1742 of
160.419 198.060 11.1405 10.1742 the
174.878 198.060 22.2811 10.1742 whole
200.478 198.060 13.5382 10.1742 text
217.326 198.060 6.0808 10.1742 is
226.725 198.060 31.3977 10.1742 obtained
261.441 198.060 13.1644 10.1742 and

72.2164 209.000 52.1472 10.1742 query-focused
126.396 209.000 56.4685 10.1742 summarization,
184.952 209.000 22.2720 10.1742 where
209.257 209.000 16.2094 10.1742 only
227.500 209.000 11.1405 10.1742 the
240.673 209.000 33.9322 10.1742 summary

72.2164 219.940 35.9469 10.1742 according
109.986 219.940 7.0928 10.1742 to
118.893 219.940 11.1405 10.1742 the
131.857 219.940 26.7027 10.1742 context
160.374 219.940 22.2811 10.1742 which
184.478 219.940 6.0808 10.1742 is
192.382 219.940 32.4097 10.1742 speciﬁed
226.606 219.940 9.1166 10.1742 by
237.546 219.940 15.1883 10.1742 user
254.549 219.940 6.0808 10.1742 is
262.453 219.940 12.1525 10.1742 ob-

72.2164 230.880 24.5603 10.1742 tained.
100.377 230.880 17.9780 10.1742 And,
120.954 230.880 9.1166 10.1742 on
132.605 230.880 11.1405 10.1742 the
146.289 230.880 18.2333 10.1742 basis
167.056 230.880 7.5942 10.1742 of
177.185 230.880 29.1186 10.1742 content,
208.911 230.880 15.5621 10.1742 they
227.007 230.880 11.1314 10.1742 are
240.673 230.880 33.9322 10.1742 classiﬁed

72.2164 241.820 14.1855 10.1742 into
88.5352 241.820 37.8706 10.1742 indicative,
128.566 241.820 22.2720 10.1742 where
152.962 241.820 19.7467 10.1742 focus
174.842 241.820 6.0808 10.1742 is
183.056 241.820 9.1166 10.1742 on
194.297 241.820 23.3022 10.1742 telling
219.732 241.820 17.7228 10.1742 what
239.588 241.820 11.1405 10.1742 the
252.853 241.820 13.5382 10.1742 text
268.525 241.820 6.0808 10.1742 is

72.2164 252.761 20.2572 10.1742 about
95.5550 252.761 13.1644 10.1742 and
111.800 252.761 42.1736 10.1742 informative
157.055 252.761 56.4685 10.1742 summarization,
216.797 252.761 22.2720 10.1742 where
242.150 252.761 11.1405 10.1742 the
256.372 252.761 18.2333 10.1742 main

72.2164 263.700 26.8394 10.1742 content
102.164 263.700 7.5942 10.1742 of
112.867 263.700 11.1405 10.1742 the
127.107 263.700 13.5382 10.1742 text
143.754 263.700 6.0808 10.1742 is
152.944 263.700 33.2758 10.1742 extracted
189.328 263.700 9.1166 10.1742 by
201.545 263.700 35.4455 10.1742 analyzing
240.099 263.700 11.1405 10.1742 the
254.348 263.700 20.2572 10.1742 origi-

72.2164 274.640 11.1405 10.1742 nal
86.2469 274.640 15.8174 10.1742 text.
106.713 274.640 21.2600 10.1742 There
130.854 274.640 12.1525 10.1742 has
145.897 274.640 17.2122 10.1742 been
165.999 274.640 4.0478 10.1742 a
172.928 274.640 9.6272 10.1742 lot
185.445 274.640 7.5942 10.1742 of
195.929 274.640 30.3676 10.1742 research
229.177 274.640 7.0928 10.1742 in
239.160 274.640 35.4455 10.1742 extractive

72.2164 285.580 54.1894 10.1742 summarization
129.614 285.580 11.4687 10.1742 but
144.292 285.580 35.4455 10.1742 extractive
182.947 285.580 39.5024 10.1742 summaries
225.649 285.580 15.1883 10.1742 lack
244.046 285.580 7.0928 10.1742 in
254.348 285.580 20.2572 10.1742 terms

72.2164 296.520 7.5942 10.1742 of
82.1717 296.520 34.6888 10.1742 cohesion,
119.240 296.520 38.9919 10.1742 readability
160.602 296.520 13.1644 10.1742 and
176.127 296.520 18.7347 10.1742 other
197.223 296.520 25.3261 10.1742 quality
224.911 296.520 24.7152 10.1742 factors
251.987 296.520 13.1644 10.1742 due
267.513 296.520 7.0928 10.1742 to

72.2164 307.460 11.1405 10.1742 the
86.3563 307.460 31.8900 10.1742 presence
121.236 307.460 7.5942 10.1742 of
131.830 307.460 31.9083 10.1742 dangling
166.737 307.460 33.4125 10.1742 anaphora
203.149 307.460 32.6650 10.1742 problem.
240.792 307.460 19.5005 10.1742 Also,
263.465 307.460 11.1405 10.1742 the

72.2164 318.401 35.4455 10.1742 extractive
109.694 318.401 39.5024 10.1742 summaries
151.239 318.401 11.1314 10.1742 are
164.403 318.401 26.3380 10.1742 usually
192.784 318.401 16.0635 10.1742 very
210.880 318.401 30.7891 10.1742 diﬀerent
243.702 318.401 17.7228 10.1742 from
263.467 318.401 11.1405 10.1742 the

72.2164 329.341 53.6788 10.1742 human-written
128.174 329.341 39.5024 10.1742 summaries
169.955 329.341 17.3125 10.1742 (Yao
189.547 329.341 6.5822 10.1742 et
198.409 329.341 11.1405 10.1742 al.,
211.828 329.341 23.5483 10.1742 2017).

81.3334 346.413 19.7558 10.1742 From
105.118 346.413 12.1525 10.1742 our
121.300 346.413 25.7181 10.1742 survey,
151.486 346.413 10.6300 10.1742 we
166.145 346.413 16.8932 10.1742 have
187.077 346.413 21.2691 10.1742 found
212.376 346.413 13.6750 10.1742 that
230.080 346.413 17.7319 10.1742 most
251.842 346.413 7.5942 10.1742 of
263.465 346.413 11.1405 10.1742 the

72.2164 357.353 22.1899 10.1742 works
97.2416 357.353 11.1314 10.1742 are
111.217 357.353 9.1166 10.1742 on
123.169 357.353 35.4455 10.1742 extractive
161.459 357.353 54.1894 10.1742 summarization
218.483 357.353 13.1644 10.1742 due
234.483 357.353 7.0928 10.1742 to
244.420 357.353 11.1405 10.1742 the
258.396 357.353 16.2094 10.1742 sim-

72.2164 368.293 23.3022 10.1742 plicity
97.3327 368.293 7.0928 10.1742 to
106.248 368.293 39.0010 10.1742 implement
147.064 368.293 7.3480 10.1742 it.
157.083 368.293 31.8900 10.1742 Whereas
190.796 368.293 11.1405 10.1742 the
203.751 368.293 40.8882 10.1742 complexity
246.462 368.293 7.5942 10.1742 of
255.871 368.293 18.7347 10.1742 natu-

72.2164 379.233 9.6181 10.1742 ral
84.4600 379.233 32.9111 10.1742 language
119.996 379.233 41.2711 10.1742 processing,
163.984 379.233 23.2019 10.1742 makes
189.812 379.233 39.1287 10.1742 abstractive
231.566 379.233 43.0397 10.1742 summariza-

72.2164 390.173 16.4647 10.1742 tion,
92.2183 390.173 4.0478 10.1742 a
99.5481 390.173 42.5383 10.1742 challenging
145.368 390.173 16.9661 10.1742 task.
168.169 390.173 13.1736 10.1742 But
184.633 390.173 15.4710 10.1742 now
203.386 390.173 30.3676 10.1742 research
237.036 390.173 9.1166 10.1742 on
249.434 390.173 25.1711 10.1742 extrac-

72.2164 401.113 13.3103 10.1742 tive
87.9973 401.113 39.5024 10.1742 summaries
129.970 401.113 12.1525 10.1742 has
144.593 401.113 34.4336 10.1742 stagnated
181.497 401.113 7.5942 10.1742 as
191.562 401.113 15.5621 10.1742 they
209.595 401.113 16.8932 10.1742 have
228.958 401.113 32.0359 10.1742 achieved
263.465 401.113 11.1405 10.1742 the

72.2164 412.053 17.2122 10.1742 peak
93.5675 412.053 46.0664 10.1742 performance
143.772 412.053 28.6080 10.1742 (Mehta,
176.519 412.053 21.2691 10.1742 2016)
201.928 412.053 13.1644 10.1742 and
219.231 412.053 15.1975 10.1742 thus
238.567 412.053 11.1405 10.1742 the
253.847 412.053 20.7586 10.1742 atten-

72.2164 422.993 14.1855 10.1742 tion
90.0303 422.993 12.1525 10.1742 has
105.820 422.993 24.8155 10.1742 shifted
134.264 422.993 18.7347 10.1742 more
156.627 422.993 28.5442 10.1742 towards
188.809 422.993 39.1287 10.1742 abstractive
231.566 422.993 43.0397 10.1742 summariza-

72.2164 433.933 14.1855 10.1742 tion
88.6354 433.933 13.1644 10.1742 and
104.033 433.933 22.7916 10.1742 fusion
129.058 433.933 7.5942 10.1742 of
138.895 433.933 35.4455 10.1742 extractive
176.574 433.933 13.1644 10.1742 and
191.972 433.933 39.1287 10.1742 abstractive
233.334 433.933 41.2711 10.1742 techniques.

72.2164 444.873 14.1764 10.1742 The
88.9636 444.873 17.2122 10.1742 need
108.755 444.873 7.5942 10.1742 of
118.920 444.873 16.2094 10.1742 time
137.701 444.873 6.0808 10.1742 is
146.352 444.873 7.0928 10.1742 to
156.025 444.873 29.3647 10.1742 produce
187.961 444.873 44.5713 10.1742 high-quality
235.103 444.873 39.5024 10.1742 summaries

72.2164 455.813 22.2811 10.1742 which
98.6820 455.813 11.1314 10.1742 are
114.007 455.813 52.6669 10.1742 grammatically
170.858 455.813 27.5870 10.1742 correct,
203.113 455.813 33.1573 10.1742 readable,
240.938 455.813 33.6678 10.1742 coherent,

72.2164 466.754 29.6200 10.1742 concise,
104.653 466.754 13.1644 10.1742 and
120.534 466.754 62.5402 10.1742 information-rich.
187.195 466.754 41.6631 10.1742 Abstractive
231.566 466.754 43.0397 10.1742 summariza-

72.2164 477.694 14.1855 10.1742 tion
89.6565 477.694 19.2452 10.1742 helps
112.147 477.694 26.1921 10.1742 resolve
141.594 477.694 11.1405 10.1742 the
155.980 477.694 31.9083 10.1742 dangling
191.143 477.694 33.4125 10.1742 anaphora
227.801 477.694 30.3858 10.1742 problem
261.441 477.694 13.1644 10.1742 and

72.2164 488.633 15.1975 10.1742 thus
89.3557 488.633 19.2452 10.1742 helps
110.533 488.633 30.8781 10.1742 generate
143.353 488.633 33.1573 10.1742 readable,
178.516 488.633 27.3408 10.1742 concise
207.799 488.633 13.1644 10.1742 and
222.896 488.633 31.5345 10.1742 cohesive
256.372 488.633 18.2333 10.1742 sum-

72.2164 499.573 26.5841 10.1742 maries.
107.342 499.573 41.6631 10.1742 Abstractive
153.181 499.573 54.1894 10.1742 summarization
211.555 499.573 19.2452 10.1742 helps
234.985 499.573 24.2959 10.1742 reduce
263.465 499.573 11.1405 10.1742 the

72.2164 510.513 31.3886 10.1742 sentence
106.668 510.513 14.1764 10.1742 size
123.916 510.513 7.5942 10.1742 as
134.574 510.513 5.0689 10.1742 it
142.715 510.513 15.6989 10.1742 uses
161.477 510.513 22.7916 10.1742 fusion
187.341 510.513 7.0928 10.1742 to
197.497 510.513 22.6184 10.1742 merge
223.188 510.513 11.1405 10.1742 the
237.391 510.513 37.2142 10.1742 sentences,

72.2164 521.453 15.1975 10.1742 thus
91.1516 521.453 19.2452 10.1742 helps
114.134 521.453 27.4776 10.1742 achieve
145.350 521.453 18.7347 10.1742 more
167.822 521.453 59.1032 10.1742 non-redundancy
230.663 521.453 7.0928 10.1742 in
241.494 521.453 11.1405 10.1742 the
256.372 521.453 18.2333 10.1742 sum-

72.2164 532.394 18.7347 10.1742 mary
94.1145 532.394 7.5942 10.1742 as
104.872 532.394 35.9469 10.1742 compared
143.991 532.394 7.0928 10.1742 to
154.248 532.394 11.1405 10.1742 the
168.552 532.394 35.4455 10.1742 extractive
207.161 532.394 41.7816 10.1742 summaries,
252.334 532.394 22.2720 10.1742 where

72.2164 543.334 16.8476 10.1742 even
90.9237 543.334 11.1405 10.1742 the
103.914 543.334 45.6197 10.1742 non-relevant
151.394 543.334 14.1764 10.1742 part
167.430 543.334 7.5942 10.1742 of
176.875 543.334 31.3886 10.1742 sentence
210.123 543.334 14.6869 10.1742 also
226.661 543.334 14.6869 10.1742 gets
243.208 543.334 31.3977 10.1742 included

72.2164 554.274 13.1644 10.1742 due
87.4138 554.274 7.0928 10.1742 to
96.5396 554.274 11.1405 10.1742 the
109.713 554.274 13.5747 10.1742 fact
125.320 554.274 13.6750 10.1742 that
141.037 554.274 5.0689 10.1742 it
148.139 554.274 28.2160 10.1742 extracts
178.388 554.274 11.1405 10.1742 the
191.562 554.274 34.9350 10.1742 sentences
228.530 554.274 13.1644 10.1742 and
243.727 554.274 30.8781 10.1742 arranges

72.2164 565.213 20.5125 10.1742 them.
95.5367 565.213 41.6631 10.1742 Abstractive
139.433 565.213 39.5024 10.1742 summaries
181.169 565.213 14.6869 10.1742 also
198.089 565.213 15.3342 10.1742 give
215.657 565.213 23.2930 10.1742 higher
241.184 565.213 33.4216 10.1742 precision

72.2164 576.153 15.6989 10.1742 than
90.4314 576.153 11.1405 10.1742 the
104.097 576.153 35.4455 10.1742 extractive
142.059 576.153 41.7816 10.1742 summaries.
187.387 576.153 41.6631 10.1742 Abstractive
231.566 576.153 43.0397 10.1742 summariza-

72.2164 587.093 14.1855 10.1742 tion
88.7995 587.093 38.9919 10.1742 techniques
130.189 587.093 11.6511 10.1742 not
144.237 587.093 16.2094 10.1742 only
162.845 587.093 15.6989 10.1742 help
180.941 587.093 11.1405 10.1742 get
194.479 587.093 11.1405 10.1742 the
208.018 587.093 18.2333 10.1742 good
228.648 587.093 25.3261 10.1742 quality
256.372 587.093 18.2333 10.1742 sum-

72.2164 598.034 24.3050 10.1742 maries
99.5389 598.034 10.6300 10.1742 for
113.177 598.034 11.1405 10.1742 the
127.335 598.034 24.6788 10.1742 textual
155.032 598.034 15.1883 10.1742 data
173.228 598.034 11.4687 10.1742 but
187.715 598.034 14.6869 10.1742 also
205.419 598.034 10.6300 10.1742 for
219.058 598.034 11.1405 10.1742 the
233.216 598.034 41.3896 10.1742 non-textual

72.2164 608.974 15.1883 10.1742 data
89.6839 608.974 13.1644 10.1742 and
105.127 608.974 54.6817 10.1742 cross-language
162.088 608.974 17.4675 10.1742 data.

81.3334 626.047 11.9246 10.1742 We
96.1388 626.047 16.8932 10.1742 have
115.903 626.047 16.7108 10.1742 used
135.495 626.047 11.1405 10.1742 the
149.516 626.047 51.1444 10.1742 citation-based
203.542 626.047 23.2839 10.1742 search
229.697 626.047 10.6300 10.1742 for
243.208 626.047 31.3977 10.1742 identify-

72.2164 636.986 11.6511 10.1742 ing
86.8759 636.986 11.1405 10.1742 the
101.034 636.986 28.9089 10.1742 relevant
132.951 636.986 26.0736 10.1742 papers.
164.057 636.986 9.3993 10.1742 To
176.465 636.986 23.7945 10.1742 ensure
203.277 636.986 11.1405 10.1742 the
217.426 636.986 18.2333 10.1742 good
238.677 636.986 25.3261 10.1742 quality
267.011 636.986 7.5942 10.1742 of

72.2164 647.926 23.7945 10.1742 papers
99.3566 647.926 10.6300 10.1742 for
113.341 647.926 12.1525 10.1742 our
128.839 647.926 24.3506 10.1742 review
156.545 647.926 31.1425 10.1742 purpose,
191.298 647.926 10.6300 10.1742 we
205.283 647.926 16.8932 10.1742 have
225.521 647.926 16.7108 10.1742 used
245.587 647.926 19.7467 10.1742 IEEE
268.681 647.073 3.1908 7.1219 3
272.327 647.926 2.2792 10.1742 ,

82.1533 690.988 2.7350 6.1045 3
85.3442 693.449 108.491 6.7901 https://ieeexplore.ieee.org/

296.486 132.420 20.4031 10.1742 ACM
319.469 131.566 3.1908 7.1219 4
323.115 132.420 2.2792 10.1742 ,
327.975 132.420 31.3977 10.1742 Springer
361.952 131.566 3.1908 7.1219 5
365.598 132.420 2.2792 10.1742 ,
370.530 132.420 17.8686 10.1742 ACL
390.979 132.420 39.0010 10.1742 Anthology
432.561 131.566 3.1908 7.1219 6
436.207 132.420 2.2792 10.1742 ,
441.140 132.420 27.3499 10.1742 Cornell
471.069 132.420 27.8058 10.1742 Univer-

296.486 143.360 13.1736 10.1742 sity
311.939 143.360 27.3408 10.1742 Library
341.559 142.506 3.1908 7.1219 7
345.206 143.360 2.2792 10.1742 ,
349.764 143.360 29.6473 10.1742 Elsevier
381.691 142.506 3.1908 7.1219 8
387.617 143.360 13.1644 10.1742 and
403.061 143.360 26.8394 10.1742 Google
432.179 143.360 27.8514 10.1742 Scholar
462.309 142.506 3.1908 7.1219 9
465.956 143.360 2.2792 10.1742 .

305.603 154.548 18.7438 10.1742 Most
326.909 154.548 7.5942 10.1742 of
337.065 154.548 11.1405 10.1742 the
350.767 154.548 22.1899 10.1742 works
375.519 154.548 7.0928 10.1742 in
385.183 154.548 11.1405 10.1742 the
398.885 154.548 16.2094 10.1742 ﬁeld
417.656 154.548 7.5942 10.1742 of
427.812 154.548 39.1287 10.1742 abstractive
469.503 154.548 29.3738 10.1742 summa-

296.486 165.488 27.8514 10.1742 rization
328.003 165.488 19.7467 10.1742 focus
351.414 165.488 9.1166 10.1742 on
364.196 165.488 11.1405 10.1742 the
379.010 165.488 44.0608 10.1742 components
426.736 165.488 13.5838 10.1742 like
443.985 165.488 29.1186 10.1742 parsing,
477.115 165.488 21.7614 10.1742 coref-

296.486 176.428 23.7853 10.1742 erence
323.162 176.428 38.7458 10.1742 resolution,
364.943 176.428 45.0727 10.1742 construction
412.906 176.428 13.1644 10.1742 and
428.960 176.428 30.2217 10.1742 merging
462.063 176.428 7.5942 10.1742 of
472.547 176.428 26.3289 10.1742 seman-

296.486 187.368 9.1166 10.1742 tic
308.894 187.368 26.5841 10.1742 graphs,
339.016 187.368 25.3169 10.1742 natural
367.624 187.368 32.9111 10.1742 language
403.826 187.368 40.7605 10.1742 generation,
448.124 187.368 24.1682 10.1742 lexical
475.583 187.368 23.2930 10.1742 chains

296.486 198.308 13.1644 10.1742 and
313.152 198.308 48.4459 10.1742 distributional
365.098 198.308 35.9561 10.1742 semantics
404.555 198.308 17.3125 10.1742 (Yao
425.368 198.308 6.5822 10.1742 et
435.451 198.308 11.1405 10.1742 al.,
450.093 198.308 23.5483 10.1742 2017).
480.132 198.308 18.7438 10.1742 Most

296.486 209.248 7.5942 10.1742 of
306.342 209.248 11.1405 10.1742 the
319.743 209.248 39.1287 10.1742 abstractive
361.133 209.248 38.9919 10.1742 techniques
402.376 209.248 26.6662 10.1742 involve
431.303 209.248 31.3886 10.1742 sentence
464.953 209.248 33.9230 10.1742 compres-

296.486 220.188 17.4766 10.1742 sion,
315.923 220.188 22.7916 10.1742 fusion
340.593 220.188 33.4125 10.1742 (Nayeem
375.883 220.188 7.0928 10.1742 &
384.854 220.188 22.0349 10.1742 Chali,
408.767 220.188 21.2691 10.1742 2017)
431.914 220.188 34.3424 10.1742 (Belkebir
468.135 220.188 7.0928 10.1742 &
477.105 220.188 21.7706 10.1742 Gues-

296.486 231.128 22.0349 10.1742 soum,
321.977 231.128 21.2691 10.1742 2016)
346.701 231.128 7.5942 10.1742 or
357.750 231.128 29.1459 10.1742 revision
390.361 231.128 10.6300 10.1742 for
404.446 231.128 38.4814 10.1742 generating
446.382 231.128 11.1405 10.1742 the
460.978 231.128 16.2094 10.1742 ﬁnal
480.643 231.128 18.2333 10.1742 sum-

296.486 242.069 18.7347 10.1742 mary
317.500 242.069 11.6511 10.1742 out
331.431 242.069 7.5942 10.1742 of
341.304 242.069 11.1405 10.1742 the
354.724 242.069 29.3647 10.1742 selected
386.367 242.069 37.2142 10.1742 sentences.

305.603 253.256 38.4814 10.1742 According
346.391 253.256 7.0928 10.1742 to
355.791 253.256 29.3647 10.1742 whether
387.453 253.256 11.1405 10.1742 the
400.900 253.256 31.8992 10.1742 structure
435.105 253.256 7.5942 10.1742 of
445.006 253.256 11.1405 10.1742 the
458.444 253.256 13.5382 10.1742 text
474.289 253.256 6.0808 10.1742 is
482.676 253.256 16.2003 10.1742 con-

296.486 264.196 26.3289 10.1742 sidered
327.027 264.196 7.5942 10.1742 or
338.842 264.196 11.1405 10.1742 the
354.195 264.196 38.2352 10.1742 semantics,
397.134 264.196 11.1405 10.1742 the
412.496 264.196 39.1287 10.1742 abstractive
455.836 264.196 43.0397 10.1742 summariza-

296.486 275.136 14.1855 10.1742 tion
312.869 275.136 38.9919 10.1742 techniques
354.049 275.136 11.1314 10.1742 are
367.377 275.136 41.8819 10.1742 categorized
411.447 275.136 14.1855 10.1742 into
427.830 275.136 55.6936 10.1742 structure-based
485.712 275.136 13.1644 10.1742 and

296.486 286.076 56.2041 10.1742 semantic-based
356.319 286.076 41.2711 10.1742 techniques.
404.455 286.076 20.7586 10.1742 Apart
428.842 286.076 17.7228 10.1742 from
450.184 286.076 31.8992 10.1742 structure
485.712 286.076 13.1644 10.1742 and

296.486 297.017 58.4833 10.1742 semantic-based,
357.468 297.017 15.4710 10.1742 now
375.391 297.017 4.0478 10.1742 a
381.891 297.017 16.7108 10.1742 days
401.054 297.017 17.2122 10.1742 deep
420.719 297.017 29.8753 10.1742 learning
453.047 297.017 12.1525 10.1742 has
467.651 297.017 31.2245 10.1742 emerged

296.486 307.957 7.5942 10.1742 as
306.223 307.957 4.0478 10.1742 a
312.413 307.957 14.9604 10.1742 new
329.516 307.957 35.4455 10.1742 technique
367.113 307.957 7.0928 10.1742 to
376.348 307.957 22.7916 10.1742 model
401.282 307.957 11.1405 10.1742 the
414.565 307.957 39.1287 10.1742 abstractive
455.836 307.957 43.0397 10.1742 summariza-

296.486 318.897 14.1855 10.1742 tion
313.307 318.897 30.3858 10.1742 problem
346.336 318.897 22.2811 10.1742 which
371.252 318.897 12.6539 10.1742 can
386.550 318.897 26.8303 10.1742 capture
416.015 318.897 16.2094 10.1742 both
434.859 318.897 11.1405 10.1742 the
448.643 318.897 34.4336 10.1742 structural
485.712 318.897 13.1644 10.1742 and

296.486 329.836 32.4097 10.1742 semantic
331.175 329.836 43.0488 10.1742 information
376.503 329.836 7.5942 10.1742 of
386.377 329.836 11.1405 10.1742 the
399.796 329.836 15.8174 10.1742 text.

305.603 341.024 19.7558 10.1742 From
329.042 341.024 11.1405 10.1742 the
343.866 341.024 32.9111 10.1742 literature
380.460 341.024 26.0371 10.1742 review,
410.536 341.024 10.6300 10.1742 we
424.849 341.024 16.8932 10.1742 have
445.425 341.024 21.2691 10.1742 found
470.378 341.024 13.6750 10.1742 that
487.736 341.024 11.1405 10.1742 the

296.486 351.965 27.8514 10.1742 number
326.416 351.965 7.5942 10.1742 of
336.080 351.965 23.7945 10.1742 papers
361.953 351.965 22.2811 10.1742 which
386.313 351.965 30.3767 10.1742 describe
418.768 351.965 11.1405 10.1742 the
431.978 351.965 35.4455 10.1742 extractive
469.502 351.965 29.3738 10.1742 summa-

296.486 362.905 27.8514 10.1742 rization
327.392 362.905 38.9919 10.1742 techniques
369.438 362.905 7.0928 10.1742 in
379.594 362.905 20.2572 10.1742 detail
402.905 362.905 6.0808 10.1742 is
412.040 362.905 17.7228 10.1742 huge
432.817 362.905 11.4687 10.1742 but
447.349 362.905 18.2242 10.1742 there
468.627 362.905 11.1314 10.1742 are
482.812 362.905 16.0635 10.1742 very

296.486 373.845 13.4379 10.1742 few
313.024 373.845 23.7945 10.1742 papers
339.909 373.845 13.1644 10.1742 and
356.173 373.845 11.1314 10.1742 are
370.395 373.845 24.8246 10.1742 mostly
398.319 373.845 31.3977 10.1742 outdated
432.817 373.845 7.0928 10.1742 in
443.000 373.845 11.1405 10.1742 the
457.240 373.845 16.2094 10.1742 ﬁeld
476.540 373.845 7.5942 10.1742 of
487.234 373.845 11.6420 10.1742 ab-

296.486 384.785 30.5225 10.1742 stractive
330.829 384.785 54.1894 10.1742 summarization
388.838 384.785 22.2811 10.1742 which
414.939 384.785 14.6960 10.1742 lists
433.455 384.785 20.0293 10.1742 down
457.304 384.785 11.1405 10.1742 the
472.265 384.785 26.6115 10.1742 various

296.486 395.725 22.2720 10.1742 recent
322.086 395.725 22.1899 10.1742 works
347.603 395.725 17.7228 10.1742 done
368.654 395.725 7.0928 10.1742 in
379.074 395.725 13.1736 10.1742 this
395.575 395.725 16.2094 10.1742 ﬁeld
415.112 395.725 7.0928 10.1742 in
425.533 395.725 41.8819 10.1742 categorized
470.742 395.725 13.1644 10.1742 and
487.234 395.725 11.6420 10.1742 de-

296.486 406.664 20.2572 10.1742 tailed
320.171 406.664 29.1186 10.1742 manner.
355.571 406.664 31.3886 10.1742 Separate
390.397 406.664 23.7945 10.1742 papers
417.619 406.664 11.1314 10.1742 are
432.179 406.664 32.5009 10.1742 available
468.116 406.664 10.6300 10.1742 for
482.174 406.664 16.7017 10.1742 each

296.486 417.605 36.7492 10.1742 individual
335.232 417.605 18.2333 10.1742 topic
355.471 417.605 13.5838 10.1742 like
371.051 417.605 31.3886 10.1742 sentence
404.437 417.605 48.3638 10.1742 compression,
454.861 417.605 31.3886 10.1742 sentence
488.246 417.605 10.6300 10.1742 fu-

296.486 428.545 17.4766 10.1742 sion,
316.361 428.545 54.1894 10.1742 summarization
372.920 428.545 19.7558 10.1742 using
395.047 428.545 17.2122 10.1742 deep
414.629 428.545 29.8753 10.1742 learning
446.875 428.545 11.4687 10.1742 but
460.714 428.545 18.2242 10.1742 there
481.308 428.545 6.0808 10.1742 is
489.759 428.545 9.1166 10.1742 no

296.486 439.485 20.2481 10.1742 paper
318.594 439.485 22.2811 10.1742 which
342.726 439.485 14.6960 10.1742 lists
359.282 439.485 18.2333 10.1742 them
379.366 439.485 31.6530 10.1742 together.
413.708 439.485 9.6272 10.1742 So
425.186 439.485 7.0928 10.1742 to
434.139 439.485 27.3408 10.1742 address
463.330 439.485 13.1736 10.1742 this
478.364 439.485 20.5125 10.1742 issue,

296.486 450.425 10.6300 10.1742 we
309.314 450.425 16.8932 10.1742 have
328.404 450.425 19.7558 10.1742 listed
350.348 450.425 20.0293 10.1742 down
372.574 450.425 11.1405 10.1742 the
385.912 450.425 26.6115 10.1742 various
414.720 450.425 22.1899 10.1742 works
439.107 450.425 17.7228 10.1742 done
459.018 450.425 10.1377 10.1742 till
471.353 450.425 11.1405 10.1742 the
484.691 450.425 14.1855 10.1742 mid

296.486 461.365 7.5942 10.1742 of
306.487 461.365 18.2333 10.1742 2018
327.118 461.365 13.1644 10.1742 and
342.690 461.365 41.8819 10.1742 categorized
386.978 461.365 18.2333 10.1742 them
407.609 461.365 14.1855 10.1742 into
424.202 461.365 11.1405 10.1742 the
437.740 461.365 41.5172 10.1742 pre-deﬁned
481.664 461.365 17.2122 10.1742 clas-

296.486 472.305 33.4308 10.1742 siﬁcation
332.297 472.305 36.0655 10.1742 hierarchy.
371.498 472.305 14.1764 10.1742 Our
388.063 472.305 19.7558 10.1742 study
410.198 472.305 14.1855 10.1742 will
426.763 472.305 42.5383 10.1742 systematize
471.690 472.305 13.1644 10.1742 and
487.234 472.305 11.6420 10.1742 en-

296.486 483.245 21.2600 10.1742 hance
319.606 483.245 11.1405 10.1742 the
332.616 483.245 39.7759 10.1742 knowledge
374.251 483.245 7.0928 10.1742 in
383.204 483.245 13.1736 10.1742 this
398.237 483.245 30.3676 10.1742 research
430.474 483.245 18.4886 10.1742 ﬁeld.
451.643 483.245 11.9246 10.1742 We
465.436 483.245 16.8932 10.1742 have
484.189 483.245 14.6869 10.1742 also

296.486 494.185 34.9441 10.1742 discussed
334.667 494.185 11.1405 10.1742 the
349.053 494.185 27.8514 10.1742 popular
380.141 494.185 44.0608 10.1742 components
427.438 494.185 7.5942 10.1742 of
438.278 494.185 39.1287 10.1742 abstractive
480.643 494.185 18.2333 10.1742 sum-

296.486 505.125 38.9919 10.1742 marization
337.757 505.125 27.6052 10.1742 system.

305.603 516.313 7.5942 10.1742 In
316.653 516.313 13.1736 10.1742 this
333.272 516.313 22.1626 10.1742 paper,
359.182 516.313 10.6300 10.1742 we
373.258 516.313 26.3380 10.1742 discuss
403.051 516.313 11.1405 10.1742 the
417.638 516.313 30.3676 10.1742 research
451.461 516.313 22.2811 10.1742 trends
477.188 516.313 7.0928 10.1742 in
487.736 516.313 11.1405 10.1742 the

296.486 527.253 39.1287 10.1742 abstractive
337.457 527.253 54.1894 10.1742 summarization
393.478 527.253 18.4886 10.1742 ﬁeld.
414.647 527.253 11.9246 10.1742 We
428.404 527.253 15.3342 10.1742 give
445.580 527.253 8.6061 10.1742 an
456.028 527.253 33.4216 10.1742 overview
491.282 527.253 7.5942 10.1742 of

296.486 538.194 26.6115 10.1742 various
325.268 538.194 39.1287 10.1742 abstractive
366.575 538.194 54.1894 10.1742 summarization
422.934 538.194 38.9919 10.1742 techniques
464.096 538.194 34.7800 10.1742 available.

296.486 549.134 11.9246 10.1742 We
311.830 549.134 26.3380 10.1742 discuss
341.586 549.134 11.1405 10.1742 the
356.146 549.134 17.7319 10.1742 tools
377.296 549.134 13.6750 10.1742 that
394.390 549.134 16.8932 10.1742 have
414.702 549.134 17.2122 10.1742 been
435.333 549.134 16.7108 10.1742 used
455.463 549.134 10.6300 10.1742 for
469.511 549.134 29.3647 10.1742 creating

296.486 560.073 39.1287 10.1742 abstractive
338.596 560.073 41.7816 10.1742 summaries.
385.328 560.073 11.9246 10.1742 We
400.234 560.073 14.6869 10.1742 also
417.902 560.073 26.3380 10.1742 discuss
447.230 560.073 11.1405 10.1742 the
461.352 560.073 37.5241 10.1742 evaluation

296.486 571.013 33.9230 10.1742 measures
332.844 571.013 16.7108 10.1742 used
351.979 571.013 10.6300 10.1742 for
365.044 571.013 33.9322 10.1742 assessing
401.401 571.013 18.7347 10.1742 these
422.570 571.013 41.7816 10.1742 summaries.
467.624 571.013 11.9246 10.1742 We
481.983 571.013 16.8932 10.1742 have

296.486 581.953 34.4427 10.1742 identiﬁed
333.236 581.953 11.1405 10.1742 the
346.674 581.953 38.4814 10.1742 challenges
387.461 581.953 18.7438 10.1742 lying
408.503 581.953 7.0928 10.1742 in
417.902 581.953 11.1405 10.1742 the
431.340 581.953 16.2094 10.1742 ﬁeld
449.856 581.953 7.5942 10.1742 of
459.747 581.953 39.1287 10.1742 abstractive

296.486 592.893 54.1894 10.1742 summarization
354.195 592.893 13.1644 10.1742 and
370.878 592.893 34.9441 10.1742 discussed
409.341 592.893 11.1405 10.1742 the
424.001 592.893 21.7706 10.1742 future
449.291 592.893 22.2811 10.1742 trends
475.091 592.893 7.0928 10.1742 in
485.702 592.893 13.1736 10.1742 this

296.486 603.834 15.1792 10.1742 area
313.945 603.834 7.5942 10.1742 of
323.818 603.834 32.6467 10.1742 research.

305.603 615.022 14.1764 10.1742 Our
322.059 615.022 20.2481 10.1742 paper
344.586 615.022 29.3647 10.1742 answers
376.230 615.022 11.1405 10.1742 the
389.650 615.022 35.2267 10.1742 following
427.156 615.022 36.9771 10.1742 questions:

306.423 646.314 2.7350 6.1045 4
309.614 648.776 73.6168 6.7901 https://dl.acm.org/

306.423 655.293 2.7350 6.1045 5
309.614 657.755 96.8665 6.7901 https://link.springer.com

306.423 664.273 2.7350 6.1045 6
309.614 666.734 108.491 6.7901 http://aclweb.org/anthology/

306.423 673.178 2.7350 6.1045 7
309.614 675.639 69.7418 6.7901 https://arxiv.org/

306.423 682.083 2.7350 6.1045 8
309.614 684.545 92.9915 6.7901 https://www.elsevier.com

306.423 690.988 2.7350 6.1045 9
309.614 693.449 112.366 6.7901 https://scholar.google.co.in/

283.267 706.771 4.5583 10.1742 2

210.051 21.8897 72.3402 12.7684 ACCEPTED
285.891 21.8897 90.2327 12.7684 MANUSCRIPT

54.9470 623.773 45.6014 26.4027 A
79.5679 599.382 45.6014 24.3914 C
102.313 574.991 45.6014 24.3914 C
125.058 552.647 45.6014 22.3435 E
145.894 532.315 45.6014 20.3323 P
164.854 509.971 45.6014 22.3435 T
185.689 487.628 45.6014 22.3435 E
206.525 461.225 45.6014 26.4027 D

239.671 419.573 45.6014 32.5097 M

269.987 393.171 45.6014 26.4027 A
294.608 366.768 45.6014 26.4027 N
319.229 340.365 45.6014 26.4027 U
343.850 320.033 45.6014 20.3323 S
362.810 295.642 45.6014 24.3914 C
385.555 271.250 45.6014 24.3914 R
408.300 259.073 45.6014 12.1774 I
419.656 238.741 45.6014 20.3323 P
438.616 216.397 45.6014 22.3435 T

81.3608 132.712 4.5310 16.5011 •
90.4495 132.420 17.4948 10.1742 How
110.360 132.420 11.1405 10.1742 the
123.916 132.420 39.1287 10.1742 abstractive
165.461 132.420 54.1894 10.1742 summarization
222.066 132.420 38.9919 10.1742 techniques
263.474 132.420 11.1314 10.1742 are

90.4495 143.360 33.9322 10.1742 classiﬁed

81.3608 161.919 4.5310 16.5011 •
90.4495 161.627 19.7467 10.1742 What
112.074 161.627 11.1314 10.1742 are
125.074 161.627 11.1405 10.1742 the
138.093 161.627 26.6115 10.1742 various
166.573 161.627 22.2720 10.1742 recent
190.723 161.627 22.1899 10.1742 works
214.782 161.627 17.7228 10.1742 done
234.383 161.627 7.0928 10.1742 in
243.353 161.627 13.1736 10.1742 this
258.396 161.627 16.2094 10.1742 ﬁeld

90.4495 172.567 35.9469 10.1742 according
128.675 172.567 7.0928 10.1742 to
138.047 172.567 11.1405 10.1742 the
151.467 172.567 54.1894 10.1742 summarization
207.935 172.567 35.4455 10.1742 technique

81.3608 191.126 4.5310 16.5011 •
90.4495 190.834 19.7467 10.1742 What
112.156 190.834 11.1314 10.1742 are
125.238 190.834 11.1405 10.1742 the
138.339 190.834 26.6115 10.1742 various
166.901 190.834 17.7319 10.1742 tools
186.593 190.834 22.2811 10.1742 which
210.825 190.834 16.8932 10.1742 have
229.678 190.834 17.2122 10.1742 been
248.851 190.834 16.7108 10.1742 used
267.513 190.834 7.0928 10.1742 to

90.4495 201.775 21.7614 10.1742 create
114.490 201.775 11.1405 10.1742 the
127.909 201.775 39.1287 10.1742 abstractive
169.317 201.775 39.5024 10.1742 summaries

81.3608 220.333 4.5310 16.5011 •
90.4495 220.042 17.4948 10.1742 How
109.968 220.042 11.1405 10.1742 the
123.141 220.042 23.8036 10.1742 results
148.969 220.042 15.9724 10.1742 vary
166.965 220.042 24.8155 10.1742 among
193.804 220.042 11.1405 10.1742 the
206.978 220.042 26.6115 10.1742 various
235.613 220.042 38.9919 10.1742 techniques

81.3608 238.600 4.5310 16.5011 •
90.4495 238.309 19.7467 10.1742 What
114.070 238.309 11.1314 10.1742 are
129.067 238.309 11.1405 10.1742 the
144.082 238.309 26.7482 10.1742 famous
174.705 238.309 31.8992 10.1742 data-sets
210.479 238.309 22.2811 10.1742 which
236.625 238.309 16.8932 10.1742 have
257.393 238.309 17.2122 10.1742 been

90.4495 249.248 16.7108 10.1742 used
109.630 249.248 10.6300 10.1742 for
122.740 249.248 37.5241 10.1742 evaluating
162.735 249.248 13.1644 10.1742 and
178.370 249.248 41.0158 10.1742 performing
221.866 249.248 11.1405 10.1742 the
235.477 249.248 39.1287 10.1742 abstractive

90.4495 260.188 54.1894 10.1742 summarization
146.918 260.188 14.6869 10.1742 task

81.3608 278.748 4.5310 16.5011 •
90.4495 278.456 19.7467 10.1742 What
112.447 278.456 11.1314 10.1742 are
125.840 278.456 11.1405 10.1742 the
139.232 278.456 26.6115 10.1742 various
168.105 278.456 38.4814 10.1742 challenges
208.838 278.456 13.1644 10.1742 and
224.263 278.456 17.7228 10.1742 open
244.238 278.456 30.3676 10.1742 research

90.4495 289.396 33.9322 10.1742 problems
126.660 289.396 18.7438 10.1742 lying
147.683 289.396 7.0928 10.1742 in
157.055 289.396 13.1736 10.1742 this
172.508 289.396 30.3676 10.1742 research
205.155 289.396 16.2094 10.1742 ﬁeld

72.2164 309.048 14.1764 10.1742 The
88.8998 309.048 20.2481 10.1742 paper
111.645 309.048 6.0808 10.1742 is
120.233 309.048 35.7373 10.1742 organized
158.478 309.048 7.5942 10.1742 as
168.570 309.048 32.6923 10.1742 follows:-
203.769 309.048 27.3499 10.1742 Section
233.617 309.048 4.5583 10.1742 2
240.682 309.048 33.9230 10.1742 describes

72.2164 319.987 11.1405 10.1742 the
85.9096 319.987 26.6115 10.1742 various
115.073 319.987 39.1287 10.1742 abstractive
156.755 319.987 54.1894 10.1742 summarization
213.487 319.987 41.2711 10.1742 techniques.
258.405 319.987 16.2003 10.1742 Sec-

72.2164 330.927 14.1855 10.1742 tion
89.5289 330.927 4.5583 10.1742 3
97.2233 330.927 33.9322 10.1742 discusses
134.282 330.927 19.2452 10.1742 some
156.663 330.927 7.5942 10.1742 of
167.385 330.927 11.1405 10.1742 the
181.661 330.927 31.9083 10.1742 common
216.697 330.927 18.2333 10.1742 steps
238.066 330.927 22.2811 10.1742 which
263.474 330.927 11.1314 10.1742 are

72.2164 341.867 31.2245 10.1742 involved
106.449 341.867 20.2572 10.1742 while
129.705 341.867 29.3647 10.1742 creating
162.079 341.867 11.1405 10.1742 the
176.228 341.867 41.7816 10.1742 summaries.
223.014 341.867 27.3499 10.1742 Section
253.364 341.867 4.5583 10.1742 4
260.931 341.867 13.6750 10.1742 dis-

72.2164 352.807 23.2930 10.1742 cusses
97.8159 352.807 11.1405 10.1742 the
111.253 352.807 26.6115 10.1742 various
140.171 352.807 17.7319 10.1742 tools
160.210 352.807 16.7108 10.1742 used
179.227 352.807 10.6300 10.1742 for
192.155 352.807 41.0158 10.1742 performing
235.477 352.807 39.1287 10.1742 abstractive

72.2164 363.748 56.4685 10.1742 summarization.
131.775 363.748 27.3499 10.1742 Section
161.486 363.748 4.5583 10.1742 5
168.415 363.748 22.2902 10.1742 points
193.066 363.748 11.6511 10.1742 out
207.088 363.748 11.1405 10.1742 the
220.589 363.748 38.4814 10.1742 challenges
261.441 363.748 13.1644 10.1742 and

72.2164 374.688 21.7706 10.1742 future
97.3965 374.688 32.4097 10.1742 direction
133.215 374.688 10.6300 10.1742 for
147.255 374.688 14.9604 10.1742 new
165.625 374.688 43.2767 10.1742 researchers.
215.110 374.688 15.6989 10.1742 And
234.219 374.688 25.8366 10.1742 Finally
263.465 374.688 11.1405 10.1742 the

72.2164 385.628 41.7816 10.1742 conclusion.

72.2164 415.949 6.8375 10.5115 2.
83.6122 415.949 31.9174 10.5115 Existing
118.601 415.949 46.2032 10.5115 Approaches
167.877 415.949 7.5942 10.5115 to
178.543 415.949 44.8813 10.5115 Abstractive
226.497 415.949 48.1086 10.5115 Summariza-

83.6119 426.889 15.1975 10.5115 tion

81.3334 449.681 42.5292 10.1742 (Moratanch
127.299 449.681 7.0928 10.1742 &
137.820 449.681 40.2591 10.1742 Chitrakala,
181.516 449.681 21.2691 10.1742 2016)
206.222 449.681 25.0617 10.1742 (Khan,
234.711 449.681 21.2691 10.1742 2014)
259.418 449.681 15.1883 10.1742 (Di-

72.2164 460.621 41.2711 10.1742 neshnath.G
117.024 460.621 7.0928 10.1742 &
127.663 460.621 49.5399 10.1742 S.Saraswathi,
180.740 460.621 21.2691 10.1742 2018)
205.556 460.621 16.8932 10.1742 have
225.996 460.621 33.9322 10.1742 classiﬁed
263.465 460.621 11.1405 10.1742 the

72.2164 471.561 39.1287 10.1742 abstractive
114.326 471.561 54.1894 10.1742 summarization
171.487 471.561 41.0067 10.1742 approaches
215.475 471.561 27.8514 10.1742 broadly
246.298 471.561 14.1855 10.1742 into
263.465 471.561 11.1405 10.1742 the

72.2164 482.501 55.6936 10.1742 structure-based
131.930 482.501 13.1644 10.1742 and
149.124 482.501 58.4833 10.1742 semantic-based.
215.666 482.501 19.2361 10.1742 After
238.923 482.501 35.6826 10.1742 surveying

72.2164 493.440 11.1405 10.1742 the
85.9369 493.440 39.1287 10.1742 abstractive
127.654 493.440 54.1894 10.1742 summarization
184.424 493.440 30.3676 10.1742 research
217.371 493.440 24.4691 10.1742 works,
244.502 493.440 10.6300 10.1742 we
257.712 493.440 16.8932 10.1742 have

72.2164 504.381 21.7706 10.1742 added
97.7794 504.381 13.1644 10.1742 one
114.745 504.381 18.7347 10.1742 more
137.272 504.381 35.6917 10.1742 approach,
177.139 504.381 17.2122 10.1742 deep
198.144 504.381 29.8753 10.1742 learning
231.821 504.381 16.2094 10.1742 with
251.823 504.381 22.7825 10.1742 neural

72.2164 515.321 33.3305 10.1742 networks
109.302 515.321 7.0928 10.1742 to
120.151 515.321 7.3480 10.1742 it.
134.747 515.321 57.2161 10.1742 Structure-based
195.719 515.321 41.0067 10.1742 approaches
240.473 515.321 11.1314 10.1742 are
255.360 515.321 19.2452 10.1742 those

72.2164 526.261 22.2720 10.1742 where
98.3447 526.261 11.1405 10.1742 the
113.341 526.261 35.4546 10.1742 important
152.652 526.261 43.0488 10.1742 information
199.557 526.261 7.5942 10.1742 of
211.008 526.261 11.1405 10.1742 the
226.005 526.261 13.5382 10.1742 text
243.399 526.261 6.0808 10.1742 is
253.336 526.261 21.2691 10.1742 popu-

72.2164 537.201 17.7228 10.1742 lated
92.0724 537.201 14.1855 10.1742 into
108.391 537.201 11.1405 10.1742 the
121.665 537.201 41.5172 10.1742 pre-deﬁned
165.324 537.201 31.8992 10.1742 structure
199.357 537.201 7.0928 10.1742 to
208.583 537.201 21.7614 10.1742 create
232.477 537.201 11.1405 10.1742 the
245.751 537.201 28.8542 10.1742 abstrac-

72.2164 548.141 13.3103 10.1742 tive
87.5506 548.141 41.7816 10.1742 summaries.
132.067 548.141 57.2161 10.1742 Structure-based
191.307 548.141 41.0067 10.1742 approaches
234.328 548.141 11.1314 10.1742 are
247.483 548.141 27.1220 10.1742 divided

72.2164 559.081 14.1855 10.1742 into
89.7659 559.081 39.7395 10.1742 tree-based,
133.142 559.081 57.4714 10.1742 template-based,
194.251 559.081 58.4924 10.1742 ontology-based,
256.381 559.081 18.2242 10.1742 lead-

72.2164 570.021 34.4336 10.1742 and-body
109.676 570.021 26.0736 10.1742 phrase,
138.950 570.021 44.5531 10.1742 graph-based
186.530 570.021 13.1644 10.1742 and
202.721 570.021 37.9708 10.1742 rule-based
243.709 570.021 30.8963 10.1742 methods

72.2164 580.961 35.9469 10.1742 according
110.706 580.961 7.0928 10.1742 to
120.352 580.961 11.1405 10.1742 the
134.036 580.961 31.8992 10.1742 structure
168.479 580.961 16.7108 10.1742 used
187.733 580.961 10.6300 10.1742 for
200.916 580.961 29.3647 10.1742 creating
232.824 580.961 41.7816 10.1742 summaries.

72.2164 591.901 31.8900 10.1742 Whereas
107.926 591.901 57.7266 10.1742 Semantic-based
169.472 591.901 41.0067 10.1742 approaches
214.308 591.901 11.1314 10.1742 are
229.259 591.901 19.2452 10.1742 those
252.324 591.901 22.2811 10.1742 which

72.2164 602.841 15.0972 10.1742 take
91.3522 602.841 11.1405 10.1742 the
106.522 602.841 13.5382 10.1742 text
124.099 602.841 35.9561 10.1742 document
164.093 602.841 7.5942 10.1742 as
175.726 602.841 21.0230 10.1742 input,
201.226 602.841 21.7614 10.1742 create
227.017 602.841 11.1405 10.1742 the
242.196 602.841 32.4097 10.1742 semantic

72.2164 613.781 51.6458 10.1742 representation
128.347 613.781 7.5942 10.1742 of
140.427 613.781 13.5382 10.1742 text
158.450 613.781 13.1644 10.1742 and
176.091 613.781 15.6989 10.1742 then
196.275 613.781 15.6898 10.1742 feed
216.450 613.781 13.1736 10.1742 this
234.109 613.781 40.4962 10.1742 representa-

72.2164 624.721 14.1855 10.1742 tion
90.7961 624.721 7.0928 10.1742 to
102.273 624.721 27.3408 10.1742 Natural
134.009 624.721 35.9469 10.1742 Language
174.341 624.721 40.5053 10.1742 Generation
219.240 624.721 25.3261 10.1742 system
248.951 624.721 7.0928 10.1742 to
260.438 624.721 14.1673 10.1742 cre-

72.2164 635.661 10.6300 10.1742 ate
86.9397 635.661 11.1405 10.1742 the
102.173 635.661 16.2094 10.1742 ﬁnal
122.467 635.661 39.1287 10.1742 abstractive
165.689 635.661 35.6187 10.1742 summary.
209.567 635.661 18.5980 10.1742 They
232.259 635.661 11.1314 10.1742 are
247.483 635.661 27.1220 10.1742 divided

72.2164 646.601 14.1855 10.1742 into
88.4075 646.601 88.3677 10.1742 information-item-based,
178.844 646.601 70.7178 10.1742 predicate-argument
251.568 646.601 23.0378 10.1742 based,

72.2164 657.541 56.2041 10.1742 semantic-graph
131.346 657.541 20.7586 10.1742 based
155.041 657.541 13.1644 10.1742 and
171.132 657.541 44.3251 10.1742 multimodal.
220.234 657.541 23.8036 10.1742 Figure
246.964 657.541 4.5583 10.1742 1
254.458 657.541 6.0808 10.1742 is
263.465 657.541 11.1405 10.1742 the

72.2164 668.481 47.6071 10.1742 classiﬁcation
122.467 668.481 7.5942 10.1742 of
132.714 668.481 39.1287 10.1742 abstractive
174.486 668.481 54.1894 10.1742 summarization
231.320 668.481 43.2858 10.1742 approaches.

72.2164 679.421 7.5942 10.1742 In
82.7461 679.421 11.1405 10.1742 the
96.8222 679.421 22.0532 10.1742 below
121.810 679.421 47.3519 10.1742 sub-sections,
172.271 679.421 10.6300 10.1742 we
185.837 679.421 16.8932 10.1742 have
205.665 679.421 34.9441 10.1742 discussed
243.545 679.421 11.1405 10.1742 the
257.621 679.421 16.9843 10.1742 vari-

72.2164 690.361 12.6630 10.1742 ous
87.1585 690.361 39.1287 10.1742 abstractive
128.566 690.361 54.1894 10.1742 summarization
185.034 690.361 33.1755 10.1742 methods.

319.134 174.199 22.5548 4.2253 Abstractive

319.134 179.577 30.4168 4.2253 Summarization

369.978 150.206 28.2422 3.6217 Structure-Based

371.934 207.318 28.6802 3.6217 Semantic-Based

442.334 156.131 15.6445 3.6217 Ontology
459.062 156.131 11.0841 3.6217 Based

442.334 163.953 8.6983 3.6217 Lead
452.116 163.953 6.5237 3.6217 and
459.723 163.953 8.9095 3.6217 Body
469.716 163.953 12.3865 3.6217 Phrase

442.334 171.775 10.8651 3.6217 Graph
454.283 171.775 11.0841 3.6217 Based

442.334 179.598 8.0413 3.6217 Rule
451.459 179.598 11.0841 3.6217 Based

442.334 148.309 16.2937 3.6217 Template
459.711 148.309 11.0841 3.6217 Based

442.334 140.486 8.0374 3.6217 Tree
451.455 140.486 11.0841 3.6217 Based

442.334 193.286 16.5127 3.6217 Predicate
459.930 193.286 16.9469 3.6217 Argument
477.960 193.286 11.0841 3.6217 Based

442.334 201.109 16.2937 3.6217 Semantic
459.711 201.109 10.8651 3.6217 Graph
471.660 201.109 11.0841 3.6217 Based

442.334 208.931 19.5517 3.6217 Information
462.969 208.931 7.5993 3.6217 Item
471.652 208.931 11.0841 3.6217 Based

442.334 216.753 18.9024 3.6217 Multimodal

371.934 224.551 9.3476 3.6217 Deep
382.365 224.551 15.2182 3.6217 Learning
398.666 224.551 6.9501 3.6217 with
406.700 224.551 11.5182 3.6217 Neural

371.934 229.196 16.2937 3.6217 Networks

378.576 243.991 17.3849 3.6217 Discourse
397.045 243.991 6.5237 3.6217 and
404.652 243.991 14.5572 3.6217 Rhetoric

378.576 248.636 15.8557 3.6217 Structure
395.515 248.636 11.0841 3.6217 Based

302.653 274.718 19.0429 8.1394 Figure
323.519 274.718 5.6742 8.1394 1:
331.455 274.718 39.7122 8.1394 Classiﬁcation
372.990 274.718 6.0753 8.1394 of
380.889 274.718 33.3306 8.1394 Abstractive
416.043 274.718 44.5696 8.1394 Summarization
462.436 274.718 30.2746 8.1394 Technique

296.486 302.365 13.6750 10.0283 2.1.
314.720 302.365 58.9118 10.0283 Structure-Based
375.911 302.365 35.4091 10.0283 Approach

305.603 316.643 57.2161 10.1742 Structure-based
366.129 316.643 41.0067 10.1742 approaches
410.445 316.643 14.1855 10.1742 ﬁnd
427.931 316.643 11.1405 10.1742 the
442.381 316.643 17.7319 10.1742 most
463.422 316.643 35.4546 10.1742 important

296.486 327.584 43.0488 10.1742 information
341.869 327.584 17.7228 10.1742 from
361.926 327.584 11.1405 10.1742 the
375.409 327.584 13.5382 10.1742 text
391.281 327.584 13.1644 10.1742 and
406.780 327.584 15.6989 10.1742 then
424.812 327.584 12.1525 10.1742 use
439.299 327.584 37.2233 10.1742 templates,
478.874 327.584 20.0019 10.1742 rules,

296.486 338.523 19.4914 10.1742 trees,
318.476 338.523 34.1054 10.1742 ontology,
355.079 338.523 10.6300 10.1742 etc
368.162 338.523 7.0928 10.1742 to
377.707 338.523 21.7614 10.1742 create
401.920 338.523 11.1405 10.1742 the
415.513 338.523 39.1287 10.1742 abstractive
457.094 338.523 41.7816 10.1742 summaries.

296.486 349.463 18.5980 10.1742 They
318.129 349.463 11.1314 10.1742 are
332.297 349.463 24.8246 10.1742 mostly
360.166 349.463 16.7108 10.1742 used
379.922 349.463 20.2572 10.1742 along
403.224 349.463 16.2094 10.1742 with
422.469 349.463 37.7247 10.1742 extractive,
463.430 349.463 35.4455 10.1742 semantic-

296.486 360.403 20.7586 10.1742 based
320.518 360.403 7.5942 10.1742 or
331.385 360.403 17.2122 10.1742 deep
351.861 360.403 29.8753 10.1742 learning
385.009 360.403 20.7586 10.1742 based
409.041 360.403 43.2858 10.1742 approaches.
458.125 360.403 15.4710 10.1742 Few
476.868 360.403 7.5942 10.1742 of
487.735 360.403 11.1405 10.1742 the

296.486 371.343 34.2968 10.1742 examples
332.962 371.343 11.1314 10.1742 are
346.282 371.343 13.5838 10.1742 like
362.044 371.343 34.4245 10.1742 (Ganesan
398.657 371.343 6.5822 10.1742 et
407.418 371.343 11.1405 10.1742 al.,
420.746 371.343 21.2691 10.1742 2010)
444.194 371.343 16.8932 10.1742 have
463.276 371.343 16.7108 10.1742 used
482.165 371.343 16.7108 10.1742 tem-

296.486 382.284 21.2691 10.1742 plates
320.636 382.284 20.2572 10.1742 along
343.765 382.284 16.2094 10.1742 with
362.856 382.284 11.1405 10.1742 the
376.868 382.284 44.5531 10.1742 graph-based
424.302 382.284 35.6917 10.1742 approach,
463.020 382.284 35.8558 10.1742 (Bartakke

296.486 393.224 6.5822 10.1742 et
307.043 393.224 11.1405 10.1742 al.,
322.159 393.224 21.2691 10.1742 2016)
347.403 393.224 16.7108 10.1742 used
368.089 393.224 17.7228 10.1742 rules
389.786 393.224 13.1644 10.1742 and
406.925 393.224 32.4188 10.1742 ontology
443.319 393.224 20.2572 10.1742 along
467.551 393.224 16.2094 10.1742 with
487.735 393.224 11.1405 10.1742 the

296.486 404.164 62.0297 10.1742 semantic-graphs,
361.570 404.164 13.4197 10.1742 (Li,
377.889 404.164 21.2691 10.1742 2015)
402.057 404.164 16.7108 10.1742 used
421.667 404.164 34.9441 10.1742 templates
459.510 404.164 20.2572 10.1742 along
482.667 404.164 16.2094 10.1742 with

296.486 415.103 11.1405 10.1742 the
312.103 415.103 56.2041 10.1742 semantic-based
372.784 415.103 35.6917 10.1742 approach,
413.508 415.103 24.0771 10.1742 (Wang
442.061 415.103 7.0928 10.1742 &
453.630 415.103 19.5005 10.1742 Ling,
477.607 415.103 21.2691 10.1742 2016)

296.486 426.043 16.7108 10.1742 used
316.415 426.043 22.7825 10.1742 neural
342.416 426.043 33.3305 10.1742 networks
378.965 426.043 20.2572 10.1742 along
402.449 426.043 16.2094 10.1742 with
421.877 426.043 11.1405 10.1742 the
436.236 426.043 34.9441 10.1742 templates
474.398 426.043 7.0928 10.1742 to
484.709 426.043 14.1673 10.1742 cre-

296.486 436.983 10.6300 10.1742 ate
310.891 436.983 11.1405 10.1742 the
325.796 436.983 39.1287 10.1742 abstractive
368.699 436.983 41.7816 10.1742 summaries.
417.783 436.983 42.8027 10.1742 Sometimes,
464.725 436.983 18.7347 10.1742 these
487.234 436.983 11.6420 10.1742 ap-

296.486 447.924 32.4006 10.1742 proaches
332.989 447.924 11.1314 10.1742 are
348.223 447.924 14.6869 10.1742 also
367.004 447.924 16.7108 10.1742 used
387.817 447.924 7.5942 10.1742 as
399.514 447.924 11.1405 10.1742 the
414.757 447.924 14.1855 10.1742 ﬁrst
433.045 447.924 14.6869 10.1742 step
451.825 447.924 10.6300 10.1742 for
466.557 447.924 13.5382 10.1742 text
484.198 447.924 14.6778 10.1742 pre-

296.486 458.864 38.9919 10.1742 processing
338.997 458.864 13.5838 10.1742 like
356.100 458.864 31.8992 10.1742 (Nguyen
391.518 458.864 7.0928 10.1742 &
402.121 458.864 20.5125 10.1742 Phan,
426.153 458.864 21.2691 10.1742 2009)
450.941 458.864 33.2758 10.1742 extracted
487.735 458.864 11.1405 10.1742 the

296.486 469.804 35.4546 10.1742 important
336.782 469.804 43.3132 10.1742 key-phrases
384.936 469.804 17.7228 10.1742 from
407.500 469.804 11.1405 10.1742 the
423.481 469.804 13.5382 10.1742 text
441.860 469.804 19.7558 10.1742 using
466.457 469.804 32.4188 10.1742 ontology

296.486 480.744 22.2811 10.1742 which
323.937 480.744 15.6989 10.1742 then
344.805 480.744 12.6539 10.1742 can
362.628 480.744 8.6061 10.1742 be
376.412 480.744 35.9561 10.1742 combined
417.537 480.744 16.2094 10.1742 with
438.916 480.744 19.2452 10.1742 some
463.330 480.744 18.7347 10.1742 other
487.234 480.744 11.6420 10.1742 ap-

296.486 491.683 32.4006 10.1742 proaches
332.178 491.683 7.0928 10.1742 to
342.562 491.683 21.7614 10.1742 create
367.605 491.683 11.1405 10.1742 the
382.037 491.683 39.1287 10.1742 abstractive
424.457 491.683 35.6187 10.1742 summary.
465.928 491.683 23.5757 10.1742 Below
492.795 491.683 6.0808 10.1742 is

296.486 502.623 11.1405 10.1742 the
310.563 502.623 11.1497 10.1742 list
324.639 502.623 7.5942 10.1742 of
335.168 502.623 26.6115 10.1742 various
364.715 502.623 30.8963 10.1742 methods
398.538 502.623 20.2572 10.1742 being
421.731 502.623 16.7108 10.1742 used
441.377 502.623 10.6300 10.1742 for
454.934 502.623 29.3647 10.1742 creating
487.234 502.623 11.6420 10.1742 ab-

296.486 513.564 30.5225 10.1742 stractive
329.717 513.564 39.5024 10.1742 summaries
371.918 513.564 9.1166 10.1742 by
383.742 513.564 42.5383 10.1742 considering
428.988 513.564 11.1405 10.1742 the
442.836 513.564 31.8992 10.1742 structure
477.434 513.564 7.5942 10.1742 of
487.735 513.564 11.1405 10.1742 the

296.486 524.504 15.8174 10.1742 text.

296.486 547.260 20.5125 10.0283 2.1.1.
323.836 547.260 15.8721 10.0283 Tree
341.988 547.260 22.2811 10.0283 Based
366.548 547.260 31.3977 10.0283 Methods

305.603 559.081 7.5942 10.1742 In
316.571 559.081 13.1736 10.1742 this
333.108 559.081 35.6917 10.1742 approach,
372.447 559.081 14.1855 10.1742 ﬁrst
389.996 559.081 11.1405 10.1742 the
404.510 559.081 35.4546 10.1742 important
443.329 559.081 13.5382 10.1742 text
460.240 559.081 7.0928 10.1742 to
470.697 559.081 8.6061 10.1742 be
482.676 559.081 16.2003 10.1742 con-

296.486 570.020 26.3289 10.1742 sidered
326.225 570.020 10.6300 10.1742 for
340.265 570.020 11.1405 10.1742 the
354.815 570.020 33.9322 10.1742 summary
392.157 570.020 6.0808 10.1742 is
401.647 570.020 35.5549 10.1742 extracted.
443.410 570.020 21.0139 10.1742 Then,
468.116 570.020 11.1405 10.1742 the
482.667 570.020 16.2094 10.1742 sim-

296.486 580.961 12.1525 10.1742 ilar
313.188 580.961 34.9350 10.1742 sentences
352.681 580.961 11.1314 10.1742 are
368.362 580.961 34.4427 10.1742 identiﬁed
407.363 580.961 17.7228 10.1742 from
429.635 580.961 13.1736 10.1742 this
447.358 580.961 13.5382 10.1742 text
465.454 580.961 9.1166 10.1742 by
479.120 580.961 19.7558 10.1742 using

296.486 591.901 4.0478 10.1742 a
304.828 591.901 28.1340 10.1742 shallow
337.256 591.901 24.0497 10.1742 parser.
370.185 591.901 26.8485 10.1742 Similar
401.328 591.901 34.9350 10.1742 sentences
440.557 591.901 7.5942 10.1742 of
452.445 591.901 13.1736 10.1742 this
469.912 591.901 13.5382 10.1742 text
487.745 591.901 11.1314 10.1742 are

296.486 602.841 15.6989 10.1742 then
315.367 602.841 35.9561 10.1742 populated
354.505 602.841 14.1855 10.1742 into
371.872 602.841 11.1405 10.1742 the
386.194 602.841 30.2855 10.1742 tree-like
419.661 602.841 34.1783 10.1742 structure.
459.374 602.841 39.5024 10.1742 Processing

296.486 613.781 7.5942 10.1742 of
306.843 613.781 17.2122 10.1742 trees
326.808 613.781 6.0808 10.1742 is
335.652 613.781 37.9708 10.1742 performed
376.385 613.781 9.1166 10.1742 by
388.255 613.781 20.7586 10.1742 either
411.776 613.781 87.1005 10.1742 linearization(converting

296.486 624.721 17.2122 10.1742 trees
317.619 624.721 7.0928 10.1742 to
328.632 624.721 29.6291 10.1742 strings),
362.582 624.721 25.8366 10.1742 ﬁnding
392.339 624.721 70.7178 10.1742 predicate-argument
466.977 624.721 31.8992 10.1742 structure

296.486 635.661 7.5942 10.1742 or
307.463 635.661 31.3886 10.1742 sentence
342.234 635.661 22.7916 10.1742 fusion
368.408 635.661 7.0928 10.1742 to
378.883 635.661 21.7614 10.1742 create
404.017 635.661 11.1405 10.1742 the
418.540 635.661 16.2094 10.1742 ﬁnal
438.132 635.661 39.1287 10.1742 abstractive
480.643 635.661 18.2333 10.1742 sum-

296.486 646.601 24.3050 10.1742 maries
323.171 646.601 39.2563 10.1742 (C.Sunitha
364.816 646.601 6.5822 10.1742 et
373.777 646.601 11.1405 10.1742 al.,
387.306 646.601 23.5483 10.1742 2016).
413.991 646.601 21.2600 10.1742 There
437.630 646.601 11.1314 10.1742 are
451.150 646.601 26.6115 10.1742 various
480.141 646.601 18.7347 10.1742 algo-

296.486 657.541 23.3022 10.1742 rithms
322.268 657.541 22.2811 10.1742 which
347.038 657.541 15.6989 10.1742 help
365.217 657.541 8.1047 10.1742 us
375.801 657.541 29.3647 10.1742 perform
407.655 657.541 21.0139 10.1742 these.
432.106 657.541 12.5263 10.1742 For
447.112 657.541 33.0296 10.1742 example,
482.676 657.541 16.2003 10.1742 con-

296.486 668.481 13.6750 10.1742 tent
313.179 668.481 22.2811 10.1742 theme
338.478 668.481 42.5383 10.1742 intersection
384.024 668.481 35.4546 10.1742 algorithm
422.497 668.481 6.0808 10.1742 is
431.595 668.481 13.1644 10.1742 one
447.777 668.481 22.2811 10.1742 which
473.067 668.481 6.0808 10.1742 is
482.165 668.481 16.7108 10.1742 used

296.486 679.421 7.0928 10.1742 to
306.879 679.421 36.4575 10.1742 determine
346.646 679.421 11.1405 10.1742 the
361.087 679.421 31.9083 10.1742 common
396.305 679.421 27.3408 10.1742 phrases
426.946 679.421 9.1166 10.1742 by
439.372 679.421 19.7558 10.1742 using
462.428 679.421 36.4484 10.1742 predicate-

296.486 690.361 34.2695 10.1742 argument
334.147 690.361 34.1783 10.1742 structure,
372.009 690.361 25.8366 10.1742 ﬁnding
401.237 690.361 11.1405 10.1742 the
415.778 690.361 18.2333 10.1742 basis
437.402 690.361 13.6659 10.1742 tree
454.469 690.361 33.9230 10.1742 (Barzilay
491.783 690.361 7.0928 10.1742 &

283.267 706.771 4.5583 10.1742 3

210.051 21.8897 72.3402 12.7684 ACCEPTED
285.891 21.8897 90.2327 12.7684 MANUSCRIPT

54.9470 623.773 45.6014 26.4027 A
79.5679 599.382 45.6014 24.3914 C
102.313 574.991 45.6014 24.3914 C
125.058 552.647 45.6014 22.3435 E
145.894 532.315 45.6014 20.3323 P
164.854 509.971 45.6014 22.3435 T
185.689 487.628 45.6014 22.3435 E
206.525 461.225 45.6014 26.4027 D

239.671 419.573 45.6014 32.5097 M

269.987 393.171 45.6014 26.4027 A
294.608 366.768 45.6014 26.4027 N
319.229 340.365 45.6014 26.4027 U
343.850 320.033 45.6014 20.3323 S
362.810 295.642 45.6014 24.3914 C
385.555 271.250 45.6014 24.3914 R
408.300 259.073 45.6014 12.1774 I
419.656 238.741 45.6014 20.3323 P
438.616 216.397 45.6014 22.3435 T

72.2164 132.420 40.3047 10.1742 McKeown,
115.183 132.420 21.2691 10.1742 2005)
139.114 132.420 9.1166 10.1742 by
150.893 132.420 25.8366 10.1742 ﬁnding
179.400 132.420 11.1405 10.1742 the
193.203 132.420 29.8753 10.1742 centroid
225.740 132.420 7.5942 10.1742 of
235.996 132.420 11.1405 10.1742 the
249.799 132.420 24.8064 10.1742 depen-

72.2164 143.360 21.6338 10.1742 dency
96.2661 143.360 13.6659 10.1742 tree
112.347 143.360 13.1644 10.1742 and
127.928 143.360 15.6989 10.1742 then
146.043 143.360 43.0488 10.1742 augmenting
191.516 143.360 18.7347 10.1742 these
212.667 143.360 18.2333 10.1742 basis
233.316 143.360 17.2122 10.1742 trees
252.944 143.360 7.0928 10.1742 to
262.453 143.360 12.1525 10.1742 ob-

72.2164 154.300 13.6750 10.1742 tain
89.5927 154.300 11.1405 10.1742 the
104.434 154.300 32.9111 10.1742 sub-trees
141.047 154.300 6.0808 10.1742 is
150.829 154.300 14.6869 10.1742 also
169.208 154.300 27.3408 10.1742 another
200.250 154.300 15.0972 10.1742 way
219.049 154.300 7.0928 10.1742 to
229.843 154.300 29.9208 10.1742 evaluate
263.465 154.300 11.1405 10.1742 the

72.2164 165.240 33.6678 10.1742 sentence.
112.019 165.240 33.9413 10.1742 Common
149.343 165.240 27.3408 10.1742 phrases
180.066 165.240 11.1314 10.1742 are
194.580 165.240 31.3977 10.1742 obtained
229.360 165.240 13.1644 10.1742 and
245.906 165.240 15.6989 10.1742 then
264.987 165.240 9.6181 10.1742 ei-

72.2164 176.180 14.1764 10.1742 ther
89.9209 176.180 19.2452 10.1742 some
112.694 176.180 43.0488 10.1742 information
159.271 176.180 6.0808 10.1742 is
168.880 176.180 21.7706 10.1742 added
194.178 176.180 7.0928 10.1742 to
204.799 176.180 18.2333 10.1742 them
226.561 176.180 7.5942 10.1742 or
237.683 176.180 11.1314 10.1742 are
252.343 176.180 11.6420 10.1742 fed
267.513 176.180 7.0928 10.1742 to

72.2164 187.120 11.1405 10.1742 the
86.0098 187.120 27.3408 10.1742 Natural
116.012 187.120 35.9469 10.1742 Language
154.612 187.120 40.5053 10.1742 Generation
197.770 187.120 28.8724 10.1742 systems
229.296 187.120 7.0928 10.1742 to
239.051 187.120 21.7614 10.1742 create
263.465 187.120 11.1405 10.1742 the

72.2164 198.060 14.9604 10.1742 new
89.9118 198.060 34.9350 10.1742 sentences
127.581 198.060 13.1644 10.1742 and
143.481 198.060 15.6989 10.1742 then
161.915 198.060 11.1314 10.1742 are
175.781 198.060 31.8900 10.1742 arranged
210.406 198.060 29.8753 10.1742 together
243.016 198.060 7.0928 10.1742 to
252.844 198.060 21.7614 10.1742 create

72.2164 209.000 4.0478 10.1742 a
78.5433 209.000 35.6187 10.1742 summary.

81.3334 219.940 45.4283 10.1742 Dependency
129.906 219.940 13.6659 10.1742 tree
146.718 219.940 6.0808 10.1742 is
155.944 219.940 11.1405 10.1742 the
170.220 219.940 17.7319 10.1742 most
191.097 219.940 27.8514 10.1742 popular
222.094 219.940 15.1883 10.1742 data
240.428 219.940 34.1783 10.1742 structure,

72.2164 230.880 16.7108 10.1742 used
92.1636 230.880 7.0928 10.1742 to
102.501 230.880 33.4125 10.1742 represent
139.150 230.880 11.1405 10.1742 the
153.536 230.880 13.5382 10.1742 text
170.311 230.880 7.0928 10.1742 in
180.649 230.880 4.0478 10.1742 a
187.934 230.880 36.7036 10.1742 tree-form.
230.353 230.880 33.9230 10.1742 (Barzilay
267.513 230.880 7.0928 10.1742 &

72.2164 241.820 40.3047 10.1742 McKeown,
115.274 241.820 21.2691 10.1742 2005)
139.296 241.820 16.7108 10.1742 used
158.769 241.820 40.2409 10.1742 text-to-text
201.763 241.820 38.4814 10.1742 generation
242.998 241.820 7.0928 10.1742 to
252.844 241.820 21.7614 10.1742 create

72.2164 252.761 11.1405 10.1742 the
86.4019 252.761 42.1736 10.1742 informative
131.620 252.761 41.7816 10.1742 summaries.
178.525 252.761 18.5980 10.1742 They
200.168 252.761 42.0186 10.1742 represented
245.232 252.761 11.1405 10.1742 the
259.417 252.761 15.1883 10.1742 sen-

72.2164 263.700 22.7825 10.1742 tences
98.1076 263.700 19.7558 10.1742 using
120.972 263.700 43.4044 10.1742 dependency
167.485 263.700 17.2122 10.1742 trees
187.797 263.700 13.1644 10.1742 and
204.070 263.700 21.2691 10.1742 found
228.448 263.700 11.1405 10.1742 the
242.697 263.700 31.9083 10.1742 common

72.2164 274.640 43.0488 10.1742 information
118.738 274.640 24.8155 10.1742 among
147.027 274.640 34.9350 10.1742 sentences
185.445 274.640 9.1166 10.1742 by
198.035 274.640 38.9919 10.1742 processing
240.500 274.640 11.1405 10.1742 the
255.114 274.640 19.4914 10.1742 trees.

72.2164 285.580 18.5980 10.1742 They
92.5829 285.580 35.9561 10.1742 computed
130.307 285.580 11.1405 10.1742 the
143.216 285.580 22.7916 10.1742 fusion
167.777 285.580 22.2811 10.1742 lattice
191.817 285.580 9.1166 10.1742 by
202.702 285.580 25.8366 10.1742 ﬁnding
230.308 285.580 11.1405 10.1742 the
243.217 285.580 31.3886 10.1742 intersec-

72.2164 296.520 14.1855 10.1742 tion
89.3465 296.520 7.5942 10.1742 of
99.8854 296.520 32.9111 10.1742 sub-trees
135.741 296.520 13.1644 10.1742 and
151.850 296.520 15.6989 10.1742 then
170.484 296.520 16.7108 10.1742 used
190.140 296.520 13.6659 10.1742 tree
206.750 296.520 34.6159 10.1742 traversals
244.311 296.520 9.1166 10.1742 on
256.372 296.520 18.2333 10.1742 them

72.2164 307.460 7.0928 10.1742 to
82.2173 307.460 29.3647 10.1742 produce
114.481 307.460 11.1405 10.1742 the
128.529 307.460 16.2094 10.1742 ﬁnal
147.638 307.460 33.6678 10.1742 sentence.
186.010 307.460 15.1883 10.1742 One
204.097 307.460 7.5942 10.1742 of
214.600 307.460 11.1405 10.1742 the
228.639 307.460 35.4729 10.1742 limitation
267.011 307.460 7.5942 10.1742 of

72.2164 318.401 13.1736 10.1742 this
88.5352 318.401 33.4125 10.1742 approach
125.092 318.401 6.0808 10.1742 is
134.319 318.401 13.6750 10.1742 that
151.139 318.401 5.0689 10.1742 it
159.344 318.401 24.3050 10.1742 cannot
186.794 318.401 26.8303 10.1742 capture
216.769 318.401 11.1405 10.1742 the
231.055 318.401 43.5502 10.1742 connections

72.2164 329.341 30.3767 10.1742 between
106.194 329.341 11.1405 10.1742 the
120.935 329.341 34.9350 10.1742 sentences
159.471 329.341 27.8605 10.1742 without
190.933 329.341 25.8366 10.1742 ﬁnding
220.371 329.341 11.1405 10.1742 the
235.112 329.341 39.4933 10.1742 intersected

72.2164 340.280 23.7945 10.1742 phrase
97.7794 340.280 30.3767 10.1742 between
129.915 340.280 11.1405 10.1742 the
142.824 340.280 37.2142 10.1742 sentences.
182.691 340.280 55.7210 10.1742 (Yousﬁ-Monod
240.172 340.280 7.0928 10.1742 &
249.033 340.280 25.5722 10.1742 Prince,

72.2164 351.220 21.2691 10.1742 2008)
96.6672 351.220 37.1048 10.1742 developed
136.944 351.220 8.6061 10.1742 an
148.732 351.220 33.4125 10.1742 approach
185.317 351.220 21.7706 10.1742 called
210.269 351.220 28.1066 10.1742 CoLIN,
241.549 351.220 20.7586 10.1742 based
265.489 351.220 9.1166 10.1742 on

72.2164 362.160 43.4044 10.1742 dependency
118.483 362.160 13.6659 10.1742 tree
135.020 362.160 28.3619 10.1742 pruning
166.245 362.160 13.1644 10.1742 and
182.272 362.160 45.0727 10.1742 linearisation
230.217 362.160 20.2572 10.1742 while
253.336 362.160 21.2691 10.1742 main-

72.2164 373.100 25.3261 10.1742 taining
100.705 373.100 11.1405 10.1742 the
115.000 373.100 32.4097 10.1742 semantic
150.573 373.100 45.3280 10.1742 information,
199.275 373.100 43.0488 10.1742 information
245.487 373.100 29.1186 10.1742 content,

72.2164 384.041 45.5741 10.1742 grammatical
119.705 384.041 56.4503 10.1742 correctness,and
178.069 384.041 36.9498 10.1742 coherence
216.924 384.041 7.0928 10.1742 in
225.932 384.041 11.1405 10.1742 the
238.987 384.041 35.6187 10.1742 summary.

72.2164 394.981 18.5980 10.1742 They
93.5493 394.981 37.9708 10.1742 performed
134.255 394.981 11.1405 10.1742 the
148.130 394.981 17.2122 10.1742 deep
168.077 394.981 33.9413 10.1742 linguistic
204.754 394.981 29.3738 10.1742 analysis
236.863 394.981 7.5942 10.1742 of
247.192 394.981 11.1405 10.1742 the
261.067 394.981 13.5382 10.1742 text

72.2164 405.921 13.1644 10.1742 and
87.6600 405.921 28.3528 10.1742 focused
118.291 405.921 9.1166 10.1742 on
129.687 405.921 33.9413 10.1742 linguistic
165.908 405.921 37.2233 10.1742 heuristics.

81.3334 416.860 41.2984 10.1742 (Kurisinkel
125.266 416.860 6.5822 10.1742 et
134.483 416.860 11.1405 10.1742 al.,
148.258 416.860 21.2691 10.1742 2017)
172.153 416.860 16.7108 10.1742 used
191.499 416.860 11.1405 10.1742 the
205.274 416.860 23.2930 10.1742 partial
231.202 416.860 43.4044 10.1742 dependency

72.2164 427.800 17.2122 10.1742 trees
92.1271 427.800 22.2811 10.1742 which
117.106 427.800 11.1314 10.1742 are
130.945 427.800 42.0278 10.1742 constructed
175.672 427.800 17.7228 10.1742 from
196.093 427.800 32.4097 10.1742 syntactic
231.201 427.800 43.4044 10.1742 dependency

72.2164 438.741 17.2122 10.1742 trees
92.5191 438.741 9.1166 10.1742 by
104.726 438.741 26.8394 10.1742 parsing
134.656 438.741 7.5942 10.1742 of
145.341 438.741 11.1405 10.1742 the
159.581 438.741 13.5382 10.1742 text
176.210 438.741 20.2572 10.1742 along
199.557 438.741 16.2094 10.1742 with
218.857 438.741 11.1405 10.1742 the
233.088 438.741 41.5172 10.1742 recombina-

72.2164 449.681 14.1855 10.1742 tion
88.2617 449.681 13.1644 10.1742 and
103.276 449.681 34.4427 10.1742 transition
139.579 449.681 20.7586 10.1742 based
162.197 449.681 32.4097 10.1742 syntactic
196.467 449.681 45.5741 10.1742 linearization
243.892 449.681 7.0928 10.1742 to
252.844 449.681 21.7614 10.1742 create

72.2164 460.621 58.2463 10.1742 multi-document
132.741 460.621 39.1287 10.1742 abstractive
174.149 460.621 41.7816 10.1742 summaries.

81.3334 471.561 14.1764 10.1742 The
97.8072 471.561 12.1525 10.1742 use
112.247 471.561 7.5942 10.1742 of
122.139 471.561 27.3408 10.1742 Natural
151.768 471.561 35.9469 10.1742 Language
190.012 471.561 40.5053 10.1742 Generation
232.806 471.561 28.8724 10.1742 systems
263.976 471.561 10.6300 10.1742 for

72.2164 482.501 29.3647 10.1742 creating
104.088 482.501 39.5024 10.1742 summaries
146.106 482.501 15.6989 10.1742 help
164.312 482.501 27.4776 10.1742 achieve
194.297 482.501 11.1405 10.1742 the
207.945 482.501 26.7027 10.1742 ﬂuency
237.163 482.501 13.1644 10.1742 and
252.835 482.501 21.7706 10.1742 gram-

72.2164 493.440 26.8394 10.1742 matical
102.511 493.440 43.2858 10.1742 correctness.
152.132 493.440 13.1736 10.1742 But
168.761 493.440 15.5621 10.1742 they
187.769 493.440 24.8246 10.1742 mostly
216.049 493.440 9.1166 10.1742 do
228.612 493.440 11.6511 10.1742 not
243.718 493.440 30.8872 10.1742 consider

72.2164 504.381 26.7027 10.1742 context
102.647 504.381 20.2572 10.1742 while
126.633 504.381 25.8366 10.1742 ﬁnding
156.198 504.381 11.1405 10.1742 the
171.068 504.381 35.4546 10.1742 important
210.251 504.381 27.3408 10.1742 phrases
241.321 504.381 7.0928 10.1742 to
252.142 504.381 8.6061 10.1742 be
264.477 504.381 10.1286 10.1742 in-

72.2164 515.321 24.3050 10.1742 cluded
99.9310 515.321 7.0928 10.1742 in
110.433 515.321 11.1405 10.1742 the
124.992 515.321 33.9322 10.1742 summary
162.334 515.321 35.9469 10.1742 (Kasture1
201.691 515.321 6.5822 10.1742 et
211.682 515.321 11.1405 10.1742 al.,
226.233 515.321 23.5483 10.1742 2014).
256.008 515.321 18.5980 10.1742 They

72.2164 526.261 24.8246 10.1742 mostly
101.262 526.261 14.1764 10.1742 rely
119.659 526.261 9.1166 10.1742 on
132.997 526.261 26.8394 10.1742 parsing
164.057 526.261 13.1644 10.1742 and
181.433 526.261 36.4666 10.1742 alignment
222.121 526.261 7.5942 10.1742 of
233.936 526.261 19.2361 10.1742 parse
257.393 526.261 17.2122 10.1742 trees

72.2164 537.201 22.7825 10.1742 (Khan
97.9527 537.201 6.5822 10.1742 et
107.479 537.201 11.1405 10.1742 al.,
121.573 537.201 23.5483 10.1742 2018).
149.954 537.201 45.4283 10.1742 Dependency
198.336 537.201 17.2122 10.1742 trees
218.493 537.201 11.1314 10.1742 are
232.578 537.201 42.0278 10.1742 constructed

72.2164 548.141 16.2094 10.1742 with
90.5226 548.141 11.1405 10.1742 the
103.769 548.141 15.6989 10.1742 help
121.564 548.141 7.5942 10.1742 of
131.255 548.141 28.0975 10.1742 parsers.
162.124 548.141 20.5125 10.1742 Thus,
184.770 548.141 11.1405 10.1742 the
198.007 548.141 46.0664 10.1742 performance
246.180 548.141 7.5942 10.1742 of
255.871 548.141 18.7347 10.1742 these

72.2164 559.081 30.8963 10.1742 methods
106.686 559.081 23.3022 10.1742 highly
133.553 559.081 19.7467 10.1742 relies
156.873 559.081 9.1166 10.1742 on
169.554 559.081 11.1405 10.1742 the
184.269 559.081 25.8183 10.1742 parsers
213.652 559.081 34.7800 10.1742 available,
252.324 559.081 22.2811 10.1742 which

72.2164 570.021 20.7768 10.1742 limits
95.0536 570.021 8.6152 10.1742 its
105.729 570.021 36.9297 10.1742 eﬃciency.
145.412 570.021 18.5980 10.1742 They
166.070 570.021 19.7467 10.1742 focus
187.877 570.021 18.7347 10.1742 more
208.672 570.021 9.1166 10.1742 on
219.840 570.021 11.1405 10.1742 the
233.041 570.021 23.8036 10.1742 syntax
258.905 570.021 15.6989 10.1742 then

72.2164 580.961 11.1405 10.1742 the
85.6361 580.961 38.2352 10.1742 semantics.

72.2164 602.066 20.5125 10.0283 2.1.2.
97.2871 602.066 33.0934 10.0283 Template
132.659 602.066 22.2811 10.0283 Based
157.220 602.066 31.3977 10.0283 Methods

81.3334 613.781 7.5942 10.1742 In
90.8967 613.781 55.1922 10.1742 template-based
148.058 613.781 33.1755 10.1742 methods,
183.266 613.781 29.8844 10.1742 snippets
215.120 613.781 11.1314 10.1742 are
228.220 613.781 33.2758 10.1742 extracted
263.465 613.781 11.1405 10.1742 us-

72.2164 624.721 11.6511 10.1742 ing
87.3135 624.721 35.1264 10.1742 keywords
125.886 624.721 7.5942 10.1742 or
136.926 624.721 21.2691 10.1742 clues;
162.225 624.721 13.1644 10.1742 and
178.835 624.721 11.1405 10.1742 the
193.422 624.721 33.2758 10.1742 extracted
230.144 624.721 29.8844 10.1742 snippets
263.474 624.721 11.1314 10.1742 are

72.2164 635.661 35.9561 10.1742 populated
110.123 635.661 14.1855 10.1742 into
126.250 635.661 34.9441 10.1742 templates
163.145 635.661 7.0928 10.1742 to
172.189 635.661 17.7228 10.1742 form
191.863 635.661 11.1405 10.1742 the
204.945 635.661 16.2094 10.1742 ﬁnal
223.106 635.661 35.6187 10.1742 summary.
261.441 635.661 13.1644 10.1742 Be-

72.2164 646.601 20.2481 10.1742 cause
96.1658 646.601 11.1405 10.1742 the
111.007 646.601 31.9083 10.1742 structure
146.617 646.601 6.0808 10.1742 is
156.399 646.601 40.7605 10.1742 predeﬁned,
201.216 646.601 5.0689 10.1742 it
209.996 646.601 19.2452 10.1742 helps
232.942 646.601 21.7614 10.1742 create
258.405 646.601 16.2003 10.1742 con-

72.2164 657.541 14.1764 10.1742 cise
89.5015 657.541 13.1644 10.1742 and
105.774 657.541 31.3886 10.1742 coherent
140.272 657.541 41.7816 10.1742 summaries.
187.368 657.541 18.5980 10.1742 They
209.075 657.541 14.1764 10.1742 rely
226.360 657.541 9.1166 10.1742 on
238.586 657.541 17.2122 10.1742 deep
258.907 657.541 15.6989 10.1742 syn-

72.2164 668.481 19.7467 10.1742 tactic
95.6917 668.481 13.1644 10.1742 and
112.584 668.481 32.4097 10.1742 semantic
148.723 668.481 29.3738 10.1742 analysis
181.825 668.481 7.5942 10.1742 of
193.148 668.481 11.1405 10.1742 the
208.018 668.481 15.8174 10.1742 text.
231.010 668.481 5.5703 10.1742 It
240.309 668.481 6.0808 10.1742 is
250.118 668.481 13.1644 10.1742 one
267.011 668.481 7.5942 10.1742 of

72.2164 679.421 11.1405 10.1742 the
85.4537 679.421 16.0635 10.1742 very
103.605 679.421 27.8514 10.1742 popular
133.553 679.421 27.3499 10.1742 method
162.990 679.421 7.0928 10.1742 to
172.180 679.421 21.7614 10.1742 create
196.029 679.421 58.2463 10.1742 multi-document
256.372 679.421 18.2333 10.1742 sum-

72.2164 690.362 26.5841 10.1742 maries.
102.182 690.362 16.2094 10.1742 This
120.853 690.362 27.3499 10.1742 method
150.665 690.362 22.1899 10.1742 works
175.325 690.362 15.6989 10.1742 well
193.486 690.362 19.7467 10.1742 when
215.694 690.362 11.1405 10.1742 the
229.296 690.362 13.5382 10.1742 text
245.305 690.362 6.0808 10.1742 is
253.847 690.362 20.7586 10.1742 struc-

296.486 132.420 18.7347 10.1742 tured
318.357 132.420 7.0928 10.1742 in
328.586 132.420 19.2452 10.1742 some
350.977 132.420 29.1186 10.1742 manner.
385.492 132.420 15.4527 10.1742 But,
404.300 132.420 28.8542 10.1742 because
436.290 132.420 11.1405 10.1742 the
450.576 132.420 17.7228 10.1742 rules
471.435 132.420 13.1644 10.1742 and
487.735 132.420 11.1405 10.1742 the

296.486 143.360 28.8633 10.1742 patterns
327.529 143.360 11.1314 10.1742 are
340.830 143.360 33.9322 10.1742 manually
376.941 143.360 29.1186 10.1742 deﬁned,
408.257 143.360 13.1736 10.1742 this
423.609 143.360 27.3499 10.1742 method
453.138 143.360 6.0808 10.1742 is
461.388 143.360 16.0635 10.1742 very
479.631 143.360 19.2452 10.1742 time-

296.486 154.300 40.0130 10.1742 consuming
338.970 154.300 13.1644 10.1742 and
354.605 154.300 14.6869 10.1742 also
371.753 154.300 29.3647 10.1742 requires
403.589 154.300 4.0478 10.1742 a
410.107 154.300 9.6272 10.1742 lot
422.205 154.300 7.5942 10.1742 of
432.261 154.300 26.8394 10.1742 manual
461.571 154.300 19.6494 10.1742 eﬀort
483.691 154.300 15.1883 10.1742 (Al-

296.486 165.240 23.2930 10.1742 shaina
322.059 165.240 6.5822 10.1742 et
330.920 165.240 11.1405 10.1742 al.,
344.340 165.240 23.5483 10.1742 2017).

305.603 176.181 41.0067 10.1742 (Harabagiu
351.652 176.181 6.5822 10.1742 et
363.266 176.181 11.1405 10.1742 al.,
379.448 176.181 21.2691 10.1742 2001)
405.759 176.181 16.7108 10.1742 used
427.502 176.181 11.1405 10.1742 the
443.684 176.181 55.1922 10.1742 template-based

296.486 187.120 54.1894 10.1742 summarization
354.368 187.120 13.1644 10.1742 and
371.216 187.120 26.3198 10.1742 created
401.228 187.120 4.0478 10.1742 a
408.959 187.120 25.3261 10.1742 system
437.977 187.120 21.7706 10.1742 called
463.430 187.120 35.4455 10.1742 GISTEX-

296.486 198.060 17.2213 10.1742 TER
315.713 198.060 7.0928 10.1742 to
324.803 198.060 21.7614 10.1742 create
348.570 198.060 11.1405 10.1742 the
361.707 198.060 58.2463 10.1742 multi-document
421.959 198.060 39.5024 10.1742 summaries
463.458 198.060 22.2720 10.1742 where
487.735 198.060 11.1405 10.1742 the

296.486 209.000 34.9441 10.1742 templates
335.050 209.000 11.1314 10.1742 are
349.791 209.000 18.7438 10.1742 ﬁlled
372.155 209.000 9.1166 10.1742 by
384.881 209.000 35.2267 10.1742 following
423.727 209.000 11.1405 10.1742 the
438.478 209.000 28.8633 10.1742 patterns
470.961 209.000 13.1644 10.1742 and
487.735 209.000 11.1405 10.1742 the

296.486 219.940 20.0019 10.1742 rules.
319.807 219.940 34.4336 10.1742 (Carenini
356.684 219.940 6.5822 10.1742 et
365.709 219.940 11.1405 10.1742 al.,
379.302 219.940 21.2691 10.1742 2012)
403.014 219.940 16.7108 10.1742 used
422.169 219.940 11.1405 10.1742 the
435.752 219.940 34.9441 10.1742 templates
473.140 219.940 7.0928 10.1742 to
482.676 219.940 16.2003 10.1742 gen-

296.486 230.881 17.7136 10.1742 erate
316.680 230.881 11.1405 10.1742 the
330.309 230.881 25.3169 10.1742 natural
358.106 230.881 32.9111 10.1742 language
393.506 230.881 39.5024 10.1742 summaries
435.488 230.881 10.6300 10.1742 for
448.607 230.881 11.1405 10.1742 the
462.227 230.881 36.6489 10.1742 evaluative

296.486 241.821 24.3050 10.1742 corpus
323.727 241.821 7.0928 10.1742 in
333.755 241.821 16.7108 10.1742 their
353.402 241.821 25.3261 10.1742 system
381.663 241.821 19.5005 10.1742 SEA.
404.090 241.821 27.3408 10.1742 (Embar
434.367 241.821 6.5822 10.1742 et
443.884 241.821 11.1405 10.1742 al.,
457.960 241.821 21.2691 10.1742 2013)
482.165 241.821 16.7108 10.1742 used

296.486 252.761 11.1405 10.1742 the
310.936 252.761 51.1444 10.1742 domain-based
365.381 252.761 31.3977 10.1742 template
400.088 252.761 27.3499 10.1742 method
430.738 252.761 7.0928 10.1742 to
441.140 252.761 21.7614 10.1742 create
466.202 252.761 11.1405 10.1742 the
480.652 252.761 18.2242 10.1742 Kan-

296.486 263.700 17.2122 10.1742 nada
315.467 263.700 20.7586 10.1742 based
337.995 263.700 39.1287 10.1742 abstractive
378.892 263.700 44.8174 10.1742 summarizer.
426.362 263.700 18.5980 10.1742 They
446.729 263.700 16.7108 10.1742 used
465.208 263.700 11.1405 10.1742 the
478.117 263.700 20.7586 10.1742 hand-

296.486 274.640 25.3078 10.1742 crafted
324.520 274.640 43.0488 10.1742 information
370.286 274.640 36.3207 10.1742 extraction
409.332 274.640 17.7228 10.1742 rules
429.772 274.640 7.0928 10.1742 to
439.590 274.640 24.6697 10.1742 extract
466.977 274.640 31.8992 10.1742 informa-

296.486 285.580 14.1855 10.1742 tion
313.945 285.580 7.0928 10.1742 to
324.310 285.580 10.1377 10.1742 ﬁll
337.712 285.580 11.1405 10.1742 the
352.125 285.580 37.2233 10.1742 templates.
395.156 285.580 18.2242 10.1742 (Oya
416.653 285.580 6.5822 10.1742 et
426.499 285.580 11.1405 10.1742 al.,
440.912 285.580 21.2691 10.1742 2014)
465.454 285.580 33.4216 10.1742 proposed

296.486 296.521 4.0478 10.1742 a
303.552 296.521 53.6788 10.1742 multi-sentence
360.239 296.521 22.7916 10.1742 fusion
386.048 296.521 35.4455 10.1742 technique
424.502 296.521 10.6300 10.1742 for
438.150 296.521 29.3647 10.1742 creating
470.523 296.521 28.3528 10.1742 abstract

296.486 307.461 37.2233 10.1742 templates.
336.509 307.461 9.3993 10.1742 To
348.114 307.461 21.7614 10.1742 create
372.082 307.461 37.2233 10.1742 templates,
411.520 307.461 15.5621 10.1742 they
429.289 307.461 16.8932 10.1742 have
448.388 307.461 16.7108 10.1742 used
467.296 307.461 11.1405 10.1742 the
480.643 307.461 18.2333 10.1742 noun

296.486 318.401 27.3408 10.1742 phrases
325.587 318.401 20.2572 10.1742 along
347.594 318.401 16.2094 10.1742 with
365.563 318.401 11.1405 10.1742 the
378.454 318.401 16.7199 10.1742 POS
396.934 318.401 27.3499 10.1742 tagging
426.043 318.401 13.1644 10.1742 and
440.958 318.401 42.6112 10.1742 hypernyms.
486.222 318.401 12.6539 10.1742 Af-

296.486 329.341 9.6181 10.1742 ter
309.259 329.341 25.8366 10.1742 ﬁnding
338.259 329.341 37.2233 10.1742 templates,
378.864 329.341 15.5621 10.1742 they
397.581 329.341 16.8932 10.1742 have
417.638 329.341 32.9111 10.1742 clustered
453.703 329.341 18.2333 10.1742 them
475.100 329.341 9.1166 10.1742 by
487.371 329.341 11.5052 10.1742 ex-

296.486 340.280 27.8514 10.1742 tracting
327.757 340.280 14.6869 10.1742 root
345.871 340.280 21.8891 10.1742 verbs.
374.014 340.280 18.5980 10.1742 They
396.040 340.280 16.7108 10.1742 used
416.170 340.280 42.4380 10.1742 word-graph
462.036 340.280 10.6300 10.1742 for
476.084 340.280 22.7916 10.1742 fusion

296.486 351.220 7.5942 10.1742 of
307.983 351.220 34.9441 10.1742 templates
346.819 351.220 7.0928 10.1742 to
357.814 351.220 30.8781 10.1742 generate
392.585 351.220 11.1405 10.1742 the
407.627 351.220 16.2094 10.1742 ﬁnal
427.730 351.220 35.6187 10.1742 summary.
471.034 351.220 27.8422 10.1742 (Gerani

296.486 362.161 6.5822 10.1742 et
306.515 362.161 11.1405 10.1742 al.,
321.110 362.161 21.2691 10.1742 2014)
345.826 362.161 16.8932 10.1742 have
366.174 362.161 14.6869 10.1742 also
384.307 362.161 16.7108 10.1742 used
404.473 362.161 34.9441 10.1742 templates
442.863 362.161 7.0928 10.1742 to
453.411 362.161 30.8781 10.1742 generate
487.735 362.161 11.1405 10.1742 the

296.486 373.101 39.5024 10.1742 summaries
338.569 373.101 9.1166 10.1742 by
350.266 373.101 19.7558 10.1742 using
372.601 373.101 11.1405 10.1742 the
386.322 373.101 29.3647 10.1742 selected
418.267 373.101 34.9350 10.1742 sentences
455.782 373.101 31.3977 10.1742 obtained
489.759 373.101 9.1166 10.1742 by

296.486 384.041 42.5383 10.1742 considering
341.304 384.041 11.1405 10.1742 the
354.724 384.041 34.4336 10.1742 discourse
391.436 384.041 31.8992 10.1742 structure
425.615 384.041 7.5942 10.1742 of
435.488 384.041 11.1405 10.1742 the
448.908 384.041 15.8174 10.1742 text.

296.486 405.146 20.5125 10.0283 2.1.3.
321.557 405.146 33.8410 10.0283 Ontology
357.677 405.146 22.2811 10.0283 Based
382.238 405.146 31.3977 10.0283 Methods

305.603 416.860 11.1405 10.1742 An
320.081 416.860 32.4188 10.1742 ontology
355.827 416.860 12.6539 10.1742 can
371.818 416.860 8.6061 10.1742 be
383.760 416.860 39.4933 10.1742 considered
426.590 416.860 7.5942 10.1742 as
437.521 416.860 11.1405 10.1742 the
451.989 416.860 35.9561 10.1742 collection
491.282 416.860 7.5942 10.1742 of

296.486 427.801 26.3380 10.1742 entities
324.748 427.801 13.1644 10.1742 and
339.836 427.801 11.1405 10.1742 the
352.900 427.801 43.0488 10.1742 relationship
397.873 427.801 30.3767 10.1742 between
430.173 427.801 20.5125 10.1742 them.
453.393 427.801 11.1405 10.1742 An
466.457 427.801 32.4188 10.1742 ontology

296.486 438.741 20.2572 10.1742 along
319.561 438.741 16.2094 10.1742 with
338.587 438.741 11.1405 10.1742 the
352.554 438.741 10.1286 10.1742 set
365.499 438.741 7.5942 10.1742 of
375.911 438.741 36.7492 10.1742 individual
415.477 438.741 33.4216 10.1742 instances
451.725 438.741 7.5942 10.1742 of
462.136 438.741 17.7228 10.1742 class
482.676 438.741 16.2003 10.1742 con-

296.486 449.681 25.8366 10.1742 stitutes
325.286 449.681 11.1405 10.1742 the
339.389 449.681 39.7759 10.1742 knowledge
382.128 449.681 16.2003 10.1742 base
401.291 449.681 15.1883 10.1742 (Ma
419.452 449.681 6.5822 10.1742 et
428.997 449.681 11.1405 10.1742 al.,
443.100 449.681 23.5483 10.1742 2016).
471.526 449.681 27.3499 10.1742 Classes

296.486 460.621 11.1314 10.1742 are
310.863 460.621 11.1405 10.1742 the
325.249 460.621 17.7319 10.1742 most
346.227 460.621 35.4546 10.1742 important
384.927 460.621 14.1764 10.1742 part
402.349 460.621 7.5942 10.1742 of
413.189 460.621 8.6061 10.1742 an
425.040 460.621 32.4188 10.1742 ontology
460.705 460.621 13.1644 10.1742 and
477.115 460.621 21.7614 10.1742 repre-

296.486 471.561 14.6869 10.1742 sent
313.808 471.561 11.1405 10.1742 the
327.583 471.561 34.1783 10.1742 concepts.
365.645 471.561 11.1405 10.1742 An
379.421 471.561 34.4427 10.1742 Ontology
416.498 471.561 25.8275 10.1742 deﬁnes
444.960 471.561 11.1405 10.1742 the
458.735 471.561 40.1406 10.1742 vocabulary

296.486 482.501 10.1286 10.1742 set
309.332 482.501 13.1644 10.1742 and
325.222 482.501 14.6869 10.1742 also
342.626 482.501 30.3858 10.1742 contains
375.728 482.501 20.2572 10.1742 terms
398.711 482.501 40.2500 10.1742 agreement,
441.788 482.501 22.2811 10.1742 which
466.795 482.501 19.2452 10.1742 helps
488.757 482.501 10.1195 10.1742 re-

296.486 493.441 19.9837 10.1742 move
318.622 493.441 13.0277 10.1742 any
333.792 493.441 16.2094 10.1742 kind
352.153 493.441 7.5942 10.1742 of
361.898 493.441 36.9771 10.1742 ambiguity
401.018 493.441 20.2572 10.1742 while
423.427 493.441 25.8366 10.1742 ﬁnding
451.406 493.441 11.1405 10.1742 the
464.698 493.441 34.1783 10.1742 concepts.

296.486 504.381 40.0130 10.1742 Ontologies
340.037 504.381 11.1314 10.1742 are
354.714 504.381 26.3380 10.1742 usually
384.590 504.381 26.3198 10.1742 created
414.456 504.381 9.1166 10.1742 by
427.110 504.381 11.1405 10.1742 the
441.797 504.381 27.3499 10.1742 domain
472.684 504.381 26.1921 10.1742 experts

296.486 515.321 13.1644 10.1742 and
313.197 515.321 11.1314 10.1742 are
327.866 515.321 24.8246 10.1742 mostly
356.237 515.321 16.7108 10.1742 used
376.494 515.321 7.0928 10.1742 to
387.124 515.321 24.6697 10.1742 extract
415.340 515.321 11.1405 10.1742 the
430.027 515.321 31.8992 10.1742 concepts
465.463 515.321 13.1644 10.1742 and
482.174 515.321 16.7017 10.1742 rela-

296.486 526.261 17.7319 10.1742 tions
317.500 526.261 17.7228 10.1742 from
338.514 526.261 11.1405 10.1742 the
352.937 526.261 15.8174 10.1742 text.
374.607 526.261 21.7706 10.1742 These
399.660 526.261 31.8992 10.1742 concepts
434.850 526.261 11.1314 10.1742 are
449.263 526.261 15.6989 10.1742 then
468.253 526.261 16.7108 10.1742 used
488.246 526.261 10.6300 10.1742 for

296.486 537.201 29.3647 10.1742 creating
329.489 537.201 11.1405 10.1742 the
344.276 537.201 39.5024 10.1742 summaries
387.416 537.201 11.1405 10.1742 (M
402.203 537.201 6.5822 10.1742 et
412.423 537.201 11.1405 10.1742 al.,
427.210 537.201 23.5483 10.1742 2016).
457.669 537.201 15.1883 10.1742 One
476.504 537.201 7.5942 10.1742 of
487.735 537.201 11.1405 10.1742 the

296.486 548.142 30.7505 10.1742 example
330.519 548.142 7.5942 10.1742 of
341.395 548.142 4.0478 10.1742 a
348.725 548.142 58.2372 10.1742 domain-speciﬁc
410.244 548.142 32.4188 10.1742 ontology
445.945 548.142 6.0808 10.1742 is
455.308 548.142 43.5685 10.1742 ”WordNet”.

296.486 559.081 40.0130 10.1742 Ontologies
338.751 559.081 15.6989 10.1742 help
356.702 559.081 19.2361 10.1742 share
378.190 559.081 4.0478 10.1742 a
384.480 559.081 31.9083 10.1742 common
418.640 559.081 39.7759 10.1742 knowledge
460.668 559.081 24.8155 10.1742 among
487.735 559.081 11.1405 10.1742 the

296.486 570.021 41.5355 10.1742 community
341.687 570.021 7.5942 10.1742 of
352.946 570.021 29.1186 10.1742 interest.
389.048 570.021 18.5980 10.1742 They
411.311 570.021 23.7945 10.1742 enable
438.770 570.021 11.1405 10.1742 the
453.575 570.021 19.2361 10.1742 reuse
476.476 570.021 7.5942 10.1742 of
487.735 570.021 11.1405 10.1742 the

296.486 580.961 42.0551 10.1742 knowledge.
346.655 580.961 18.5980 10.1742 They
369.292 580.961 15.6989 10.1742 help
389.039 580.961 29.8661 10.1742 separate
422.943 580.961 11.1405 10.1742 the
438.123 580.961 27.3499 10.1742 domain
469.520 580.961 13.1644 10.1742 and
486.724 580.961 12.1525 10.1742 op-

296.486 591.901 31.8992 10.1742 erational
332.114 591.901 39.7759 10.1742 knowledge
375.610 591.901 13.1644 10.1742 and
392.503 591.901 15.1975 10.1742 thus
411.420 591.901 15.6989 10.1742 help
430.848 591.901 29.3647 10.1742 perform
463.932 591.901 34.9441 10.1742 modiﬁca-

296.486 602.841 17.7319 10.1742 tions
316.324 602.841 21.2691 10.1742 easily
339.708 602.841 19.7467 10.1742 when
361.561 602.841 37.9891 10.1742 something
401.656 602.841 24.8064 10.1742 related
428.568 602.841 7.0928 10.1742 to
437.776 602.841 27.3499 10.1742 domain
467.232 602.841 31.6439 10.1742 changes.

296.486 613.782 18.5980 10.1742 They
317.072 613.782 16.8932 10.1742 have
335.943 613.782 17.2122 10.1742 been
355.143 613.782 16.7108 10.1742 used
373.841 613.782 7.0928 10.1742 in
382.912 613.782 27.8514 10.1742 number
412.751 613.782 7.5942 10.1742 of
422.333 613.782 19.7558 10.1742 ﬁelds
444.067 613.782 13.5838 10.1742 like
459.638 613.782 39.2381 10.1742 e-learning,

296.486 624.722 42.8482 10.1742 user-related
342.580 624.722 26.8394 10.1742 content
372.656 624.722 29.3738 10.1742 analysis
405.275 624.722 13.1644 10.1742 and
421.685 624.722 22.2811 10.1742 image
447.203 624.722 29.3738 10.1742 analysis
479.822 624.722 19.0538 10.1742 (Bar-

296.486 635.661 12.6630 10.1742 alis
312.240 635.661 6.5822 10.1742 et
321.913 635.661 11.1405 10.1742 al.,
336.135 635.661 23.5483 10.1742 2013).
364.943 635.661 59.7596 10.1742 Ontology-Based
427.784 635.661 39.1287 10.1742 abstractive
470.004 635.661 28.8724 10.1742 systems

296.486 646.601 24.6697 10.1742 extract
323.244 646.601 11.1405 10.1742 the
336.472 646.601 43.0488 10.1742 information
381.599 646.601 17.7228 10.1742 from
401.410 646.601 11.1405 10.1742 the
414.638 646.601 37.9891 10.1742 ontologies
454.715 646.601 7.0928 10.1742 to
463.886 646.601 21.7614 10.1742 create
487.735 646.601 11.1405 10.1742 the

296.486 657.541 39.5024 10.1742 summaries
338.268 657.541 27.8514 10.1742 speciﬁc
368.399 657.541 7.0928 10.1742 to
377.770 657.541 21.2691 10.1742 user’s
401.319 657.541 19.4914 10.1742 need.

305.603 668.481 21.1324 10.1742 Many
331.221 668.481 19.7558 10.1742 times
355.462 668.481 11.1405 10.1742 the
371.097 668.481 22.7916 10.1742 online
398.374 668.481 40.1406 10.1742 vocabulary
443.000 668.481 6.0808 10.1742 is
453.567 668.481 28.1157 10.1742 limited,
486.724 668.481 12.1525 10.1742 on-

296.486 679.422 23.3022 10.1742 tology
323.016 679.422 19.2452 10.1742 helps
345.498 679.422 7.0928 10.1742 in
355.818 679.422 23.7945 10.1742 proper
382.848 679.422 51.6458 10.1742 representation
437.722 679.422 7.5942 10.1742 of
448.552 679.422 11.1405 10.1742 the
462.920 679.422 35.9561 10.1742 document

296.486 690.362 45.6562 10.1742 (Rananavare
344.358 690.362 7.0928 10.1742 &
353.666 690.362 26.0827 10.1742 Reddy,
381.964 690.362 23.5483 10.1742 2017).
408.320 690.362 18.5980 10.1742 Even
429.134 690.362 11.1405 10.1742 the
442.490 690.362 32.4097 10.1742 semantic
477.115 690.362 21.7614 10.1742 repre-

283.267 706.772 4.5583 10.1742 4

210.051 21.8897 72.3402 12.7684 ACCEPTED
285.891 21.8897 90.2327 12.7684 MANUSCRIPT

54.9470 623.773 45.6014 26.4027 A
79.5679 599.382 45.6014 24.3914 C
102.313 574.991 45.6014 24.3914 C
125.058 552.647 45.6014 22.3435 E
145.894 532.315 45.6014 20.3323 P
164.854 509.971 45.6014 22.3435 T
185.689 487.628 45.6014 22.3435 E
206.525 461.225 45.6014 26.4027 D

239.671 419.573 45.6014 32.5097 M

269.987 393.171 45.6014 26.4027 A
294.608 366.768 45.6014 26.4027 N
319.229 340.365 45.6014 26.4027 U
343.850 320.033 45.6014 20.3323 S
362.810 295.642 45.6014 24.3914 C
385.555 271.250 45.6014 24.3914 R
408.300 259.073 45.6014 12.1774 I
419.656 238.741 45.6014 20.3323 P
438.616 216.397 45.6014 22.3435 T

72.2164 132.420 32.9202 10.1742 sentation
108.692 132.420 7.5942 10.1742 of
119.850 132.420 11.1405 10.1742 the
134.546 132.420 43.0488 10.1742 information
181.160 132.420 26.8394 10.1742 content
211.555 132.420 12.6539 10.1742 can
227.773 132.420 8.6061 10.1742 be
239.935 132.420 34.6706 10.1742 improved

72.2164 143.360 4.0478 10.1742 a
80.1934 143.360 9.6272 10.1742 lot
93.7408 143.360 16.2094 10.1742 with
113.879 143.360 11.1405 10.1742 the
128.949 143.360 15.6989 10.1742 help
148.577 143.360 7.5942 10.1742 of
160.091 143.360 8.6061 10.1742 an
172.627 143.360 34.1054 10.1742 ontology.
214.499 143.360 41.1708 10.1742 Vocabulary
259.599 143.360 15.0060 10.1742 nor-

72.2164 154.300 38.4905 10.1742 malization
113.378 154.300 6.0808 10.1742 is
122.130 154.300 37.9708 10.1742 performed
162.772 154.300 7.0928 10.1742 to
172.536 154.300 26.1921 10.1742 resolve
201.399 154.300 11.1405 10.1742 the
215.211 154.300 36.9771 10.1742 ambiguity
254.859 154.300 19.7467 10.1742 when

72.2164 165.240 18.2242 10.1742 there
92.5556 165.240 11.1314 10.1742 are
105.802 165.240 18.7347 10.1742 more
126.661 165.240 15.6989 10.1742 than
144.474 165.240 13.1644 10.1742 one
159.754 165.240 33.2940 10.1742 synonym
195.163 165.240 7.5942 10.1742 of
204.872 165.240 4.0478 10.1742 a
211.044 165.240 28.3528 10.1742 concept
241.512 165.240 11.1405 10.1742 (M
254.768 165.240 6.5822 10.1742 et
263.465 165.240 11.1405 10.1742 al.,

72.2164 176.180 23.5483 10.1742 2016).

81.3334 192.590 34.4427 10.1742 Ontology
118.283 192.590 6.0808 10.1742 is
126.861 192.590 24.8246 10.1742 mostly
154.193 192.590 42.0186 10.1742 represented
198.719 192.590 7.0928 10.1742 in
208.310 192.590 43.0306 10.1742 hierarchical
253.847 192.590 20.7586 10.1742 struc-

72.2164 203.530 14.1764 10.1742 ture
89.8844 203.530 13.5838 10.1742 like
106.959 203.530 11.1405 10.1742 the
121.592 203.530 29.3647 10.1742 directed
154.448 203.530 25.6816 10.1742 acyclic
183.621 203.530 23.0378 10.1742 graph,
210.461 203.530 10.6300 10.1742 etc
224.582 203.530 25.3169 10.1742 (Lloret
253.391 203.530 6.5822 10.1742 et
263.465 203.530 11.1405 10.1742 al.,

72.2164 214.470 23.5483 10.1742 2013).
102.501 214.470 33.9230 10.1742 Resource
140.007 214.470 48.7558 10.1742 Development
192.346 214.470 65.5122 10.1742 Framework(RDF)
261.441 214.470 13.1644 10.1742 and

72.2164 225.410 16.4829 10.1742 Web
93.5037 225.410 34.4427 10.1742 Ontology
132.760 225.410 62.4582 10.1742 Language(OWL)
200.022 225.410 11.1314 10.1742 are
215.958 225.410 13.5838 10.1742 two
234.355 225.410 21.2691 10.1742 major
260.429 225.410 14.1764 10.1742 lan-

72.2164 236.350 25.3169 10.1742 guages
100.414 236.350 16.7108 10.1742 used
120.014 236.350 10.6300 10.1742 for
133.525 236.350 29.3647 10.1742 creating
165.780 236.350 8.6061 10.1742 an
177.267 236.350 34.1054 10.1742 ontology.
216.022 236.350 32.9202 10.1742 DBPedia
251.823 236.350 22.7825 10.1742 (Bizer

72.2164 247.290 6.5822 10.1742 et
81.7159 247.290 11.1405 10.1742 al.,
95.7829 247.290 21.2691 10.1742 2009)
119.969 247.290 6.0808 10.1742 is
128.976 247.290 13.1644 10.1742 one
145.058 247.290 7.5942 10.1742 of
155.569 247.290 11.1405 10.1742 the
169.636 247.290 25.3169 10.1742 project
197.871 247.290 22.2811 10.1742 which
223.078 247.290 12.1525 10.1742 has
238.148 247.290 36.4575 10.1742 structured

72.2164 258.230 11.1405 10.1742 the
86.0007 258.230 35.9561 10.1742 wikipedia
124.600 258.230 15.1883 10.1742 data
142.432 258.230 7.0928 10.1742 in
152.169 258.230 11.1405 10.1742 the
165.962 258.230 17.7228 10.1742 form
186.329 258.230 7.5942 10.1742 of
196.567 258.230 34.1054 10.1742 ontology.
234.593 258.230 40.0130 10.1742 Ontologies

72.2164 269.170 15.6989 10.1742 help
89.9391 269.170 7.0928 10.1742 in
99.0558 269.170 20.7586 10.1742 query
121.838 269.170 36.8313 10.1742 expansion
160.693 269.170 13.1644 10.1742 and
175.881 269.170 20.7586 10.1742 query
198.664 269.170 23.2839 10.1742 search
223.972 269.170 28.8633 10.1742 (Baralis
254.859 269.170 6.5822 10.1742 et
263.465 269.170 11.1405 10.1742 al.,

72.2164 280.110 23.5483 10.1742 2013).
100.596 280.110 19.9290 10.1742 (Tran
123.479 280.110 6.5822 10.1742 et
133.006 280.110 11.1405 10.1742 al.,
147.100 280.110 21.2691 10.1742 2007)
171.314 280.110 16.7108 10.1742 used
190.978 280.110 11.1405 10.1742 the
205.064 280.110 37.9891 10.1742 ontologies
246.007 280.110 7.0928 10.1742 to
256.044 280.110 18.5615 10.1742 build

72.2164 291.051 16.7108 10.1742 their
92.8017 291.051 71.4016 10.1742 question-answering
168.087 291.051 25.3261 10.1742 system
197.287 291.051 22.2720 10.1742 where
223.434 291.051 15.5621 10.1742 they
242.880 291.051 16.7108 10.1742 used
263.465 291.051 11.1405 10.1742 the

72.2164 301.990 37.9891 10.1742 ontologies
113.031 301.990 7.0928 10.1742 to
122.950 301.990 26.8394 10.1742 convert
152.607 301.990 11.1405 10.1742 the
166.573 301.990 15.1883 10.1742 user
184.588 301.990 30.8963 10.1742 question
218.310 301.990 14.1855 10.1742 into
235.313 301.990 11.1405 10.1742 the
249.279 301.990 25.3261 10.1742 system

72.2164 312.930 22.4452 10.1742 query,
98.1988 312.930 8.1047 10.1742 so
109.585 312.930 13.6750 10.1742 that
126.542 312.930 25.3261 10.1742 system
155.150 312.930 12.6539 10.1742 can
171.086 312.930 40.0039 10.1742 understand
214.372 312.930 11.1405 10.1742 the
228.794 312.930 20.7586 10.1742 query
252.835 312.930 21.7706 10.1742 speci-

72.2164 323.870 13.6750 10.1742 ﬁed
89.0913 323.870 9.1166 10.1742 by
101.398 323.870 16.9661 10.1742 user.
123.944 323.870 40.0130 10.1742 Ontologies
167.148 323.870 15.6989 10.1742 help
186.046 323.870 27.4776 10.1742 achieve
216.715 323.870 18.2333 10.1742 topic
238.148 323.870 36.4575 10.1742 complete-

72.2164 334.810 15.6989 10.1742 ness
90.3220 334.810 13.1644 10.1742 and
105.884 334.810 59.1032 10.1742 non-redundancy
167.394 334.810 7.0928 10.1742 in
176.884 334.810 11.1405 10.1742 the
190.431 334.810 33.9322 10.1742 summary
226.761 334.810 25.3169 10.1742 (Hpola
254.485 334.810 6.5822 10.1742 et
263.465 334.810 11.1405 10.1742 al.,

72.2164 345.751 23.5483 10.1742 2014).

81.3334 362.160 26.3289 10.1742 (Zhang
112.457 362.160 6.5822 10.1742 et
123.835 362.160 11.1405 10.1742 al.,
139.771 362.160 21.2691 10.1742 2011)
165.826 362.160 26.3198 10.1742 created
196.941 362.160 8.6061 10.1742 an
210.343 362.160 33.4125 10.1742 approach
248.550 362.160 7.0928 10.1742 to
260.439 362.160 14.1673 10.1742 cre-

72.2164 373.100 10.6300 10.1742 ate
85.7546 373.100 48.1086 10.1742 customizable
136.762 373.100 56.2133 10.1742 ontology-based
195.883 373.100 39.5024 10.1742 summaries
238.285 373.100 22.2720 10.1742 where
263.465 373.100 11.1405 10.1742 the

72.2164 384.041 22.7916 10.1742 length
99.2381 384.041 7.5942 10.1742 of
111.071 384.041 33.9322 10.1742 summary
149.233 384.041 13.1644 10.1742 and
166.628 384.041 44.8448 10.1742 navigational
215.712 384.041 42.0095 10.1742 preferences
261.952 384.041 12.6539 10.1742 can

72.2164 394.981 8.6061 10.1742 be
84.7153 394.981 34.6888 10.1742 speciﬁed.
127.053 394.981 17.7319 10.1742 RDF
148.677 394.981 26.3289 10.1742 Graphs
178.890 394.981 17.7136 10.1742 were
200.496 394.981 42.0278 10.1742 constructed
246.408 394.981 13.1644 10.1742 and
263.465 394.981 11.1405 10.1742 the

72.2164 405.921 29.3647 10.1742 salience
104.033 405.921 22.7825 10.1742 scores
129.259 405.921 7.5942 10.1742 of
139.305 405.921 17.7319 10.1742 RDF
159.490 405.921 34.9350 10.1742 sentences
196.868 405.921 17.7136 10.1742 were
217.034 405.921 31.3977 10.1742 obtained
250.875 405.921 7.0928 10.1742 to
260.420 405.921 14.1855 10.1742 ﬁnd

72.2164 416.860 11.1405 10.1742 the
87.1677 416.860 35.4546 10.1742 important
126.433 416.860 34.9350 10.1742 sentences
165.178 416.860 17.7228 10.1742 from
186.712 416.860 11.1405 10.1742 the
201.663 416.860 21.2691 10.1742 user’s
226.743 416.860 19.1814 10.1742 view.
253.345 416.860 21.2600 10.1742 (Hen-

72.2164 427.800 11.6511 10.1742 nig
86.9580 427.800 6.5822 10.1742 et
96.6307 427.800 11.1405 10.1742 al.,
110.861 427.800 25.3169 10.1742 2008a)
139.269 427.800 26.3198 10.1742 created
168.688 427.800 8.6061 10.1742 an
180.385 427.800 32.4188 10.1742 ontology
215.894 427.800 20.7586 10.1742 based
239.743 427.800 13.5382 10.1742 text
256.372 427.800 18.2333 10.1742 sum-

72.2164 438.740 38.9919 10.1742 marization
114.417 438.740 25.3261 10.1742 system
142.943 438.740 22.2720 10.1742 where
168.424 438.740 15.5621 10.1742 they
187.186 438.740 26.8394 10.1742 applied
217.234 438.740 11.1405 10.1742 the
231.575 438.740 43.0306 10.1742 hierarchical

72.2164 449.681 32.4097 10.1742 classiﬁer
106.950 449.681 22.2811 10.1742 which
131.547 449.681 28.8633 10.1742 mapped
162.735 449.681 11.1405 10.1742 the
176.200 449.681 34.9350 10.1742 sentences
213.451 449.681 14.1855 10.1742 into
229.961 449.681 11.1405 10.1742 the
243.417 449.681 21.2691 10.1742 nodes
267.011 449.681 7.5942 10.1742 of

72.2164 460.621 4.0478 10.1742 a
79.8743 460.621 41.5172 10.1742 pre-deﬁned
125.001 460.621 34.1054 10.1742 ontology.
165.935 460.621 16.7017 10.1742 (Lee
186.247 460.621 6.5822 10.1742 et
196.439 460.621 11.1405 10.1742 al.,
211.190 460.621 21.2691 10.1742 2003)
236.069 460.621 26.3198 10.1742 created
265.999 460.621 8.6061 10.1742 an

72.2164 471.561 56.2133 10.1742 ontology-based
131.082 471.561 33.4125 10.1742 approach
167.138 471.561 10.6300 10.1742 for
180.421 471.561 27.3408 10.1742 chinese
210.406 471.561 18.5068 10.1742 news
231.566 471.561 43.0397 10.1742 summariza-

72.2164 482.501 14.1855 10.1742 tion
88.7540 482.501 9.1166 10.1742 by
100.222 482.501 19.7558 10.1742 using
122.321 482.501 11.1405 10.1742 the
135.814 482.501 41.5172 10.1742 pre-deﬁned
179.683 482.501 32.4188 10.1742 ontology
214.454 482.501 26.3198 10.1742 created
243.117 482.501 10.6300 10.1742 for
256.099 482.501 18.5068 10.1742 news

72.2164 493.440 28.6080 10.1742 articles.
103.559 493.440 18.5980 10.1742 They
124.172 493.440 16.7108 10.1742 used
142.888 493.440 11.1405 10.1742 the
156.043 493.440 32.4188 10.1742 ontology
190.468 493.440 7.0928 10.1742 to
199.575 493.440 17.2122 10.1742 infer
218.793 493.440 11.1405 10.1742 the
231.949 493.440 22.9284 10.1742 events
256.883 493.440 17.7228 10.1742 from

72.2164 504.381 11.1405 10.1742 the
85.4993 504.381 20.7860 10.1742 news.
109.065 504.381 25.3169 10.1742 (Hpola
136.534 504.381 6.5822 10.1742 et
145.258 504.381 11.1405 10.1742 al.,
158.541 504.381 21.2691 10.1742 2014)
181.953 504.381 16.7108 10.1742 used
200.806 504.381 11.1405 10.1742 the
214.098 504.381 32.4188 10.1742 ontology
248.660 504.381 7.0928 10.1742 in
257.895 504.381 16.7108 10.1742 their

72.2164 515.321 25.3261 10.1742 system
101.407 515.321 21.7706 10.1742 called
127.053 515.321 34.6706 10.1742 Texminer
165.589 515.321 7.0928 10.1742 to
176.547 515.321 24.6697 10.1742 extract
205.082 515.321 11.1405 10.1742 the
220.097 515.321 35.4546 10.1742 important
259.417 515.321 15.1883 10.1742 sen-

72.2164 526.261 22.7825 10.1742 tences
97.8615 526.261 16.2094 10.1742 with
116.933 526.261 34.9350 10.1742 rhetorical
154.731 526.261 34.1783 10.1742 structure,
191.908 526.261 22.2811 10.1742 which
217.052 526.261 43.5502 10.1742 summarizes
263.465 526.261 11.1405 10.1742 the

72.2164 537.201 18.2333 10.1742 ports
92.2639 537.201 13.1644 10.1742 and
107.233 537.201 25.3169 10.1742 coastal
134.364 537.201 45.3280 10.1742 information.
182.363 537.201 34.4427 10.1742 Ontology
218.611 537.201 24.3050 10.1742 helped
244.730 537.201 29.8753 10.1742 contain-

72.2164 548.141 11.6511 10.1742 ing
85.6725 548.141 9.1166 10.1742 all
96.5943 548.141 11.1405 10.1742 the
109.539 548.141 35.4546 10.1742 important
146.799 548.141 31.8992 10.1742 concepts
180.513 548.141 7.5942 10.1742 of
189.912 548.141 11.1405 10.1742 the
202.857 548.141 21.7797 10.1742 topics
226.442 548.141 7.5942 10.1742 of
235.842 548.141 25.3169 10.1742 coastal
262.964 548.141 11.6420 10.1742 en-

72.2164 559.081 36.7127 10.1742 gineering.
112.411 559.081 34.4427 10.1742 Ontology
149.352 559.081 24.3050 10.1742 helped
176.155 559.081 26.8303 10.1742 capture
205.483 559.081 11.1405 10.1742 the
219.122 559.081 32.4097 10.1742 semantic
254.029 559.081 20.5763 10.1742 infor-

72.2164 570.021 25.3261 10.1742 mation
100.715 570.021 7.5942 10.1742 of
111.481 570.021 11.1405 10.1742 the
125.794 570.021 31.8992 10.1742 concepts
160.857 570.021 7.0928 10.1742 to
171.122 570.021 31.8080 10.1742 facilitate
206.103 570.021 11.1405 10.1742 the
220.416 570.021 54.1894 10.1742 summarization

72.2164 580.961 7.0928 10.1742 in
82.3996 580.961 16.7108 10.1742 their
102.210 580.961 27.6052 10.1742 system.
135.075 580.961 22.2811 10.1742 (dolfo
160.456 580.961 48.9838 10.1742 Lozano-Tello
212.530 580.961 7.0928 10.1742 &
222.714 580.961 51.8920 10.1742 Gomez-Perez,

72.2164 591.901 21.2691 10.1742 2004)
95.9379 591.901 26.3198 10.1742 created
124.710 591.901 4.0478 10.1742 a
131.201 591.901 23.2930 10.1742 metric
156.946 591.901 21.7706 10.1742 called
181.169 591.901 42.5383 10.1742 OntoMetric
226.160 591.901 7.0928 10.1742 to
235.696 591.901 25.3169 10.1742 choose
263.465 591.901 11.1405 10.1742 the

72.2164 602.841 41.5172 10.1742 appropriate
115.566 602.841 32.4188 10.1742 ontology
149.817 602.841 35.9469 10.1742 according
187.596 602.841 7.0928 10.1742 to
196.512 602.841 11.1405 10.1742 the
209.485 602.841 44.0516 10.1742 requirement
255.369 602.841 19.2361 10.1742 spec-

72.2164 613.781 35.7099 10.1742 iﬁcations.
112.065 613.781 31.8992 10.1742 (Nguyen
146.681 613.781 7.0928 10.1742 &
156.490 613.781 20.5125 10.1742 Phan,
179.719 613.781 21.2691 10.1742 2009)
203.705 613.781 16.7108 10.1742 used
223.133 613.781 11.1405 10.1742 the
236.990 613.781 37.6153 10.1742 Wikipedia

72.2164 624.721 32.4188 10.1742 ontology
107.953 624.721 7.0928 10.1742 to
118.364 624.721 24.6697 10.1742 extract
146.352 624.721 11.1405 10.1742 the
160.811 624.721 43.3132 10.1742 key-phrases
207.434 624.721 22.2811 10.1742 which
233.034 624.721 11.1314 10.1742 are
247.483 624.721 11.1405 10.1742 the
261.942 624.721 12.6630 10.1742 lin-

72.2164 635.661 24.3141 10.1742 guistic
98.8825 635.661 51.6458 10.1742 representation
152.880 635.661 7.5942 10.1742 of
162.826 635.661 11.1405 10.1742 the
176.310 635.661 15.8174 10.1742 text,
194.498 635.661 17.7228 10.1742 from
214.572 635.661 11.1405 10.1742 the
228.065 635.661 46.5405 10.1742 Vietanemese

72.2164 646.601 15.8174 10.1742 text.
91.7442 646.601 21.7706 10.1742 These
116.094 646.601 40.2774 10.1742 keyphrases
158.943 646.601 12.6539 10.1742 can
174.167 646.601 8.6061 10.1742 be
185.354 646.601 16.7108 10.1742 used
204.635 646.601 10.6300 10.1742 for
217.845 646.601 35.9561 10.1742 document
256.372 646.601 18.2333 10.1742 sum-

72.2164 657.541 41.2711 10.1742 marization.
121.473 657.541 28.8633 10.1742 (Baralis
154.339 657.541 6.5822 10.1742 et
164.923 657.541 11.1405 10.1742 al.,
180.066 657.541 21.2691 10.1742 2013)
205.328 657.541 34.9350 10.1742 presented
244.265 657.541 4.0478 10.1742 a
252.315 657.541 22.2902 10.1742 multi-

72.2164 668.481 35.9561 10.1742 document
110.551 668.481 39.1287 10.1742 abstractive
152.060 668.481 43.0397 10.1742 summarizer
197.488 668.481 22.2811 10.1742 which
222.148 668.481 16.7108 10.1742 used
241.239 668.481 18.8350 10.1742 Yago
262.453 668.481 12.1525 10.1742 on-

72.2164 679.421 23.3022 10.1742 tology
97.7156 679.421 10.6300 10.1742 for
110.533 679.421 32.4097 10.1742 selection
145.140 679.421 7.5942 10.1742 of
154.931 679.421 34.9350 10.1742 sentences
192.054 679.421 9.1166 10.1742 by
203.368 679.421 11.1405 10.1742 the
216.697 679.421 48.1177 10.1742 identiﬁcation
267.011 679.421 7.5942 10.1742 of

72.2164 690.361 28.6172 10.1742 entities,
103.112 690.361 31.8992 10.1742 concepts
137.291 690.361 13.1644 10.1742 and
152.734 690.361 58.5015 10.1742 disambiguation.

296.486 132.557 20.5125 10.0283 2.1.4.
321.557 132.557 18.2333 10.0283 Lead
342.070 132.557 13.6750 10.0283 and
358.024 132.557 18.7347 10.0283 Body
379.038 132.557 25.6907 10.0283 Phrase
407.008 132.557 31.3977 10.0283 Methods

305.603 145.032 17.7136 10.1742 Here
328.942 145.032 11.1405 10.1742 the
345.708 145.032 31.9083 10.1742 insertion
383.232 145.032 13.1644 10.1742 and
402.021 145.032 42.5565 10.1742 substitution
450.203 145.032 7.5942 10.1742 of
463.422 145.032 35.4546 10.1742 important

296.486 155.972 60.2610 10.1742 information-rich
359.327 155.972 27.3408 10.1742 phrases
389.257 155.972 35.4455 10.1742 technique
427.283 155.972 11.1314 10.1742 are
440.994 155.972 16.7108 10.1742 used
460.285 155.972 7.0928 10.1742 in
469.967 155.972 11.1405 10.1742 the
483.688 155.972 15.1883 10.1742 lead

296.486 166.912 31.3886 10.1742 sentence
330.984 166.912 17.7228 10.1742 from
351.806 166.912 11.1405 10.1742 the
366.056 166.912 18.2333 10.1742 body
387.398 166.912 15.8174 10.1742 text,
406.524 166.912 22.2811 10.1742 which
431.914 166.912 11.1314 10.1742 are
446.145 166.912 21.7706 10.1742 called
471.025 166.912 27.8514 10.1742 triggers

296.486 177.851 39.2563 10.1742 (C.Sunitha
339.581 177.851 6.5822 10.1742 et
349.992 177.851 11.1405 10.1742 al.,
364.971 177.851 23.5483 10.1742 2016).
396.004 177.851 31.3977 10.1742 Creating
431.240 177.851 11.1405 10.1742 the
446.209 177.851 52.6669 10.1742 grammatically

296.486 188.791 25.3078 10.1742 correct
324.447 188.791 34.9350 10.1742 sentences
362.035 188.791 9.1166 10.1742 by
373.805 188.791 19.7558 10.1742 using
396.213 188.791 13.1736 10.1742 this
412.031 188.791 27.3499 10.1742 method
442.034 188.791 6.0808 10.1742 is
450.767 188.791 13.6841 10.1742 still
467.104 188.791 8.6061 10.1742 an
478.364 188.791 20.5125 10.1742 issue.

296.486 199.731 29.1368 10.1742 (Tanaka
328.559 199.731 6.5822 10.1742 et
338.077 199.731 11.1405 10.1742 al.,
352.153 199.731 21.2691 10.1742 2009)
376.357 199.731 26.3198 10.1742 created
405.613 199.731 11.1405 10.1742 the
419.689 199.731 15.1883 10.1742 lead
437.813 199.731 13.1644 10.1742 and
453.913 199.731 18.2333 10.1742 body
475.082 199.731 23.7945 10.1742 phrase

296.486 210.672 39.5024 10.1742 summaries
339.307 210.672 7.5942 10.1742 of
350.211 210.672 34.9350 10.1742 broadcast
388.464 210.672 56.4685 10.1742 summarization.
450.859 210.672 18.5980 10.1742 They
472.775 210.672 26.1010 10.1742 revised

296.486 221.612 11.1405 10.1742 the
310.964 221.612 39.5024 10.1742 summaries
353.794 221.612 9.1166 10.1742 by
366.247 221.612 37.9891 10.1742 modifying
407.573 221.612 11.1405 10.1742 the
422.041 221.612 15.1883 10.1742 lead
440.566 221.612 31.3886 10.1742 sentence
475.282 221.612 9.1166 10.1742 by
487.735 221.612 11.1405 10.1742 us-

296.486 232.552 11.6511 10.1742 ing
311.419 232.552 31.9083 10.1742 insertion
346.610 232.552 13.1644 10.1742 and
363.056 232.552 42.5565 10.1742 substitution
408.895 232.552 7.5942 10.1742 of
419.762 232.552 29.6200 10.1742 phrases.
455.216 232.552 18.5980 10.1742 They
477.096 232.552 21.7797 10.1742 modi-

296.486 243.492 13.6750 10.1742 ﬁed
311.957 243.492 11.1405 10.1742 the
324.894 243.492 15.1883 10.1742 lead
341.878 243.492 31.3886 10.1742 sentence
375.063 243.492 9.1166 10.1742 by
385.966 243.492 24.8155 10.1742 adding
412.578 243.492 43.0488 10.1742 information
457.423 243.492 13.5838 10.1742 like
472.802 243.492 26.0736 10.1742 ”who”,

296.486 254.431 32.6467 10.1742 ”where”,
331.412 254.431 30.1214 10.1742 ”when”,
363.813 254.431 25.8457 10.1742 ”how”,
391.938 254.431 10.6300 10.1742 etc
404.847 254.431 7.0928 10.1742 to
414.219 254.431 7.3480 10.1742 it.

296.486 281.766 20.5125 10.0283 2.1.5.
321.557 281.766 48.9838 10.0283 Graph-Based
372.820 281.766 31.3977 10.0283 Methods

305.603 294.241 20.0293 10.1742 Word
329.498 294.241 22.7825 10.1742 Graph
356.155 294.241 6.0808 10.1742 is
366.102 294.241 11.1405 10.1742 the
381.108 294.241 17.7319 10.1742 most
402.714 294.241 27.8514 10.1742 popular
434.431 294.241 20.7586 10.1742 graph
459.064 294.241 15.1883 10.1742 data
478.118 294.241 20.7586 10.1742 struc-

296.486 305.181 14.1764 10.1742 ture
314.765 305.181 22.2811 10.1742 which
341.149 305.181 6.0808 10.1742 is
351.341 305.181 16.7108 10.1742 used
372.155 305.181 10.6300 10.1742 for
386.887 305.181 45.0636 10.1742 representing
436.053 305.181 11.1405 10.1742 the
451.305 305.181 13.5382 10.1742 text
468.946 305.181 7.0928 10.1742 in
480.141 305.181 18.7347 10.1742 these

296.486 316.121 33.1755 10.1742 methods.
332.962 316.121 36.4575 10.1742 Sentences
371.863 316.121 11.1314 10.1742 are
385.428 316.121 19.7467 10.1742 fused
407.609 316.121 29.8753 10.1742 together
439.928 316.121 7.0928 10.1742 to
449.455 316.121 21.7614 10.1742 create
473.659 316.121 11.1405 10.1742 the
487.234 316.121 11.6420 10.1742 ab-

296.486 327.061 30.5225 10.1742 stractive
329.625 327.061 41.7816 10.1742 summaries.
375.254 327.061 32.9111 10.1742 Sentence
410.782 327.061 22.7916 10.1742 fusion
436.190 327.061 19.2452 10.1742 helps
458.052 327.061 27.0673 10.1742 remove
487.735 327.061 11.1405 10.1742 the

296.486 338.002 36.4575 10.1742 redundant
336.581 338.002 14.1764 10.1742 part
354.395 338.002 7.5942 10.1742 of
365.618 338.002 11.1405 10.1742 the
380.396 338.002 31.3886 10.1742 sentence
415.422 338.002 13.1644 10.1742 and
432.224 338.002 15.1975 10.1742 thus
451.050 338.002 27.4776 10.1742 achieve
482.165 338.002 16.7108 10.1742 non-

296.486 348.942 44.0790 10.1742 redundancy.
344.513 348.942 20.0293 10.1742 Word
367.195 348.942 24.3050 10.1742 graphs
394.153 348.942 18.6435 10.1742 work
415.450 348.942 9.1166 10.1742 on
427.219 348.942 11.1405 10.1742 the
441.013 348.942 41.5355 10.1742 assumption
485.201 348.942 13.6750 10.1742 that

296.486 359.882 18.2242 10.1742 there
317.054 359.882 14.1855 10.1742 will
333.582 359.882 8.6061 10.1742 be
344.531 359.882 9.6272 10.1742 lot
356.501 359.882 7.5942 10.1742 of
366.438 359.882 25.3261 10.1742 similar
394.117 359.882 34.9350 10.1742 sentences
431.395 359.882 7.0928 10.1742 in
440.830 359.882 11.1405 10.1742 the
454.314 359.882 13.5382 10.1742 text
470.195 359.882 13.1644 10.1742 and
485.702 359.882 13.1736 10.1742 this

296.486 370.821 34.9532 10.1742 similarity
333.609 370.821 14.1855 10.1742 will
349.974 370.821 15.6989 10.1742 help
367.842 370.821 15.1883 10.1742 fuse
385.201 370.821 11.1405 10.1742 the
398.520 370.821 37.2142 10.1742 sentences.
438.524 370.821 13.1736 10.1742 But
453.867 370.821 5.0689 10.1742 it
461.106 370.821 6.0808 10.1742 is
469.365 370.821 11.6511 10.1742 not
483.186 370.821 15.6898 10.1742 nec-

296.486 381.761 22.7825 10.1742 essary
321.548 381.761 13.6750 10.1742 that
337.502 381.761 5.0689 10.1742 it
344.850 381.761 14.1855 10.1742 will
361.315 381.761 8.6061 10.1742 be
372.200 381.761 16.2003 10.1742 easy
390.680 381.761 7.0928 10.1742 to
400.052 381.761 14.1855 10.1742 ﬁnd
416.516 381.761 11.1405 10.1742 the
429.936 381.761 25.3261 10.1742 similar
457.541 381.761 37.2142 10.1742 sentences.

305.603 393.462 33.9230 10.1742 (Barzilay
343.665 393.462 7.0928 10.1742 &
354.897 393.462 15.9450 10.1742 Lee,
374.981 393.462 25.3169 10.1742 2003a)
404.428 393.462 16.7108 10.1742 used
425.278 393.462 11.1405 10.1742 the
440.557 393.462 47.0875 10.1742 paraphrasing
491.784 393.462 7.0928 10.1742 to

296.486 404.401 30.8781 10.1742 generate
330.163 404.401 11.1405 10.1742 the
344.103 404.401 25.3169 10.1742 natural
372.218 404.401 32.9111 10.1742 language
407.928 404.401 39.5024 10.1742 summaries
450.230 404.401 9.1166 10.1742 by
462.145 404.401 11.1405 10.1742 the
476.084 404.401 22.7916 10.1742 fusion

296.486 415.341 7.5942 10.1742 of
307.590 415.341 37.2142 10.1742 sentences.
351.323 415.341 18.5980 10.1742 They
373.440 415.341 16.7108 10.1742 used
393.661 415.341 11.1405 10.1742 the
408.311 415.341 44.5531 10.1742 graph-based
456.374 415.341 31.8992 10.1742 structure
491.783 415.341 7.0928 10.1742 to

296.486 426.281 14.1855 10.1742 ﬁnd
314.419 426.281 41.5263 10.1742 structurally
359.692 426.281 25.3261 10.1742 similar
388.765 426.281 37.2142 10.1742 sentences,
430.100 426.281 15.6989 10.1742 then
449.546 426.281 34.4427 10.1742 identiﬁed
487.735 426.281 11.1405 10.1742 the

296.486 437.221 13.5382 10.1742 text
312.778 437.221 22.2811 10.1742 which
337.821 437.221 11.1314 10.1742 are
351.706 437.221 43.0306 10.1742 paraphrases
397.499 437.221 7.0928 10.1742 to
407.345 437.221 16.7017 10.1742 each
426.809 437.221 18.7347 10.1742 other
448.297 437.221 13.1644 10.1742 and
464.224 437.221 15.6989 10.1742 then
482.676 437.221 16.2003 10.1742 gen-

296.486 448.161 22.2720 10.1742 erated
321.038 448.161 11.1405 10.1742 the
334.457 448.161 33.6678 10.1742 sentence.

305.603 459.861 25.0617 10.1742 (Katja,
333.719 459.861 21.2691 10.1742 2010)
358.052 459.861 26.3198 10.1742 created
387.425 459.861 11.1405 10.1742 the
401.620 459.861 52.6669 10.1742 grammatically
457.350 459.861 25.3078 10.1742 correct
485.712 459.861 13.1644 10.1742 and

296.486 470.801 42.1736 10.1742 informative
342.015 470.801 39.5024 10.1742 summaries
384.863 470.801 9.1166 10.1742 by
397.335 470.801 25.8366 10.1742 ﬁnding
426.526 470.801 11.1405 10.1742 the
441.022 470.801 28.3619 10.1742 shortest
472.729 470.801 15.6989 10.1742 path
491.783 470.801 7.0928 10.1742 in

296.486 481.741 11.1405 10.1742 the
311.438 481.741 48.2635 10.1742 word-graphs.
367.122 481.741 13.1736 10.1742 But
384.116 481.741 7.5942 10.1742 as
395.521 481.741 15.5621 10.1742 they
414.893 481.741 24.7152 10.1742 ranked
443.419 481.741 16.7108 10.1742 their
463.941 481.741 34.9350 10.1742 sentences

296.486 492.681 9.1166 10.1742 on
309.113 492.681 11.1405 10.1742 the
323.763 492.681 18.2333 10.1742 basis
345.507 492.681 7.5942 10.1742 of
356.611 492.681 60.1516 10.1742 informativeness,
420.573 492.681 5.0689 10.1742 it
429.152 492.681 23.7033 10.1742 lacked
456.365 492.681 11.1405 10.1742 the
471.016 492.681 27.8605 10.1742 linguis-

296.486 503.622 9.1166 10.1742 tic
308.165 503.622 27.0126 10.1742 quality.
338.861 503.622 32.9111 10.1742 (Mehdad
374.343 503.622 6.5822 10.1742 et
383.487 503.622 11.1405 10.1742 al.,
397.198 503.622 21.2691 10.1742 2013)
421.029 503.622 32.7744 10.1742 extended
456.365 503.622 11.1405 10.1742 the
470.077 503.622 18.6435 10.1742 work
491.282 503.622 7.5942 10.1742 of

296.486 514.562 25.0617 10.1742 (Katja,
323.709 514.562 21.2691 10.1742 2010)
347.148 514.562 9.1166 10.1742 by
358.425 514.562 29.3647 10.1742 creating
389.950 514.562 11.1405 10.1742 the
403.251 514.562 38.4905 10.1742 entailment
443.912 514.562 24.3050 10.1742 graphs
470.377 514.562 7.0928 10.1742 to
479.631 514.562 19.2452 10.1742 elim-

296.486 525.501 17.7228 10.1742 inate
318.175 525.501 11.1405 10.1742 the
333.281 525.501 36.4575 10.1742 redundant
373.704 525.501 43.0488 10.1742 information
420.728 525.501 20.2572 10.1742 along
444.951 525.501 16.2094 10.1742 with
465.126 525.501 11.1405 10.1742 the
480.232 525.501 18.6435 10.1742 word

296.486 536.441 24.3050 10.1742 graphs
323.490 536.441 7.0928 10.1742 to
333.272 536.441 14.1855 10.1742 ﬁnd
350.156 536.441 11.1405 10.1742 the
363.995 536.441 28.9089 10.1742 relevant
395.594 536.441 34.9350 10.1742 sentences
433.227 536.441 17.7228 10.1742 from
453.639 536.441 11.1405 10.1742 the
467.478 536.441 31.3977 10.1742 informal

296.486 547.381 13.5382 10.1742 text
311.793 547.381 7.5942 10.1742 of
321.156 547.381 29.3738 10.1742 meeting
352.308 547.381 40.2591 10.1742 transcripts,
394.436 547.381 7.0928 10.1742 to
403.297 547.381 21.7614 10.1742 create
426.836 547.381 11.1405 10.1742 the
439.745 547.381 39.1287 10.1742 abstractive
480.643 547.381 18.2333 10.1742 sum-

296.486 558.321 26.5841 10.1742 maries.
325.878 558.321 18.5980 10.1742 They
346.719 558.321 16.7108 10.1742 used
365.664 558.321 11.1405 10.1742 the
379.038 558.321 33.1937 10.1742 WordNet
414.474 558.321 7.0928 10.1742 to
423.800 558.321 14.1855 10.1742 ﬁnd
440.219 558.321 11.1405 10.1742 the
453.603 558.321 31.3977 10.1742 relations
487.234 558.321 11.6420 10.1742 be-

296.486 569.262 21.7706 10.1742 tween
320.518 569.262 11.1405 10.1742 the
333.919 569.262 22.1899 10.1742 words
358.370 569.262 13.1644 10.1742 and
373.796 569.262 16.7108 10.1742 used
392.758 569.262 13.1736 10.1742 this
408.193 569.262 43.0488 10.1742 information
453.502 569.262 7.0928 10.1742 to
462.856 569.262 22.6184 10.1742 merge
487.735 569.262 11.1405 10.1742 the

296.486 580.202 21.2691 10.1742 nodes
320.445 580.202 7.5942 10.1742 of
330.729 580.202 11.1405 10.1742 the
344.559 580.202 23.0378 10.1742 graph.
371.653 580.202 43.5502 10.1742 Information
417.893 580.202 26.8394 10.1742 content
447.422 580.202 13.1644 10.1742 and
463.276 580.202 11.1405 10.1742 the
477.105 580.202 21.7706 10.1742 gram-

296.486 591.142 26.8394 10.1742 matical
325.587 591.142 26.7027 10.1742 ﬂuency
354.550 591.142 17.7136 10.1742 were
374.525 591.142 25.3169 10.1742 chosen
402.103 591.142 7.5942 10.1742 as
411.949 591.142 11.1405 10.1742 the
425.350 591.142 24.7152 10.1742 factors
452.326 591.142 7.0928 10.1742 to
461.680 591.142 23.7945 10.1742 decide
487.735 591.142 11.1405 10.1742 the

296.486 602.081 14.6869 10.1742 best
313.462 602.081 19.2452 10.1742 paths
334.995 602.081 7.5942 10.1742 of
344.878 602.081 11.1405 10.1742 the
358.306 602.081 20.7586 10.1742 graph
381.362 602.081 13.1644 10.1742 and
396.815 602.081 15.6989 10.1742 then
414.802 602.081 16.7108 10.1742 used
433.801 602.081 11.1405 10.1742 the
447.230 602.081 51.6458 10.1742 generalization

296.486 613.021 13.1644 10.1742 and
311.930 613.021 42.8574 10.1742 aggregation
357.067 613.021 7.0928 10.1742 to
366.438 613.021 30.8781 10.1742 generate
399.596 613.021 11.1405 10.1742 the
413.015 613.021 39.1287 10.1742 abstractive
454.423 613.021 35.6187 10.1742 summary.

305.603 624.722 34.4245 10.1742 (Ganesan
342.754 624.722 6.5822 10.1742 et
352.071 624.722 11.1405 10.1742 al.,
365.937 624.722 21.2691 10.1742 2010)
389.942 624.722 26.3198 10.1742 created
418.987 624.722 11.1405 10.1742 the
432.854 624.722 44.4528 10.1742 informative,
480.151 624.722 18.7256 10.1742 read-

296.486 635.661 17.4675 10.1742 able,
318.458 635.661 27.3408 10.1742 concise
349.846 635.661 13.1644 10.1742 and
367.068 635.661 45.0636 10.1742 well-formed
416.188 635.661 39.1287 10.1742 abstractive
459.374 635.661 39.5024 10.1742 summaries

296.486 646.601 10.6300 10.1742 for
309.314 646.601 36.4575 10.1742 redundant
347.968 646.601 31.4069 10.1742 opinions
381.563 646.601 9.1166 10.1742 by
392.877 646.601 19.7558 10.1742 using
414.830 646.601 20.7586 10.1742 graph
437.785 646.601 20.7586 10.1742 based
460.732 646.601 15.1883 10.1742 data
478.117 646.601 20.7586 10.1742 struc-

296.486 657.541 14.1764 10.1742 ture
314.173 657.541 21.7706 10.1742 called
339.453 657.541 18.6435 10.1742 word
361.607 657.541 25.0617 10.1742 Graph.
393.196 657.541 19.7467 10.1742 Their
416.452 657.541 33.4125 10.1742 approach
453.375 657.541 16.7108 10.1742 does
473.596 657.541 11.6511 10.1742 not
488.757 657.541 10.1195 10.1742 re-

296.486 668.481 18.7347 10.1742 quire
318.266 668.481 27.3499 10.1742 domain
348.652 668.481 39.7759 10.1742 knowledge
391.473 668.481 13.1644 10.1742 and
407.682 668.481 15.6989 10.1742 uses
426.426 668.481 28.1340 10.1742 shallow
457.596 668.481 18.4886 10.1742 NLP.
479.129 668.481 19.7467 10.1742 Their

296.486 679.422 56.7238 10.1742 opiniosis-graph
355.827 679.422 30.3767 10.1742 captures
388.811 679.422 11.1405 10.1742 the
402.568 679.422 42.3924 10.1742 redundancy
447.568 679.422 13.1644 10.1742 and
463.348 679.422 19.2452 10.1742 helps
485.201 679.422 13.6750 10.1742 dis-

296.486 690.362 19.9746 10.1742 cover
318.576 690.362 11.1405 10.1742 the
331.832 690.362 14.9604 10.1742 new
348.907 690.362 34.9350 10.1742 sentences
385.966 690.362 9.1166 10.1742 by
397.198 690.362 40.0130 10.1742 identifying
439.326 690.362 11.1405 10.1742 the
452.582 690.362 24.1682 10.1742 lexical
478.865 690.362 20.0110 10.1742 links.

283.267 706.771 4.5583 10.1742 5

210.051 21.8897 72.3402 12.7684 ACCEPTED
285.891 21.8897 90.2327 12.7684 MANUSCRIPT

54.9470 623.773 45.6014 26.4027 A
79.5679 599.382 45.6014 24.3914 C
102.313 574.991 45.6014 24.3914 C
125.058 552.647 45.6014 22.3435 E
145.894 532.315 45.6014 20.3323 P
164.854 509.971 45.6014 22.3435 T
185.689 487.628 45.6014 22.3435 E
206.525 461.225 45.6014 26.4027 D

239.671 419.573 45.6014 32.5097 M

269.987 393.171 45.6014 26.4027 A
294.608 366.768 45.6014 26.4027 N
319.229 340.365 45.6014 26.4027 U
343.850 320.033 45.6014 20.3323 S
362.810 295.642 45.6014 24.3914 C
385.555 271.250 45.6014 24.3914 R
408.300 259.073 45.6014 12.1774 I
419.656 238.741 45.6014 20.3323 P
438.616 216.397 45.6014 22.3435 T

81.3334 132.420 12.6539 10.1742 (Le
97.9804 132.420 7.0928 10.1742 &
109.066 132.420 11.8972 10.1742 Le,
124.956 132.420 21.2691 10.1742 2013)
150.218 132.420 26.3198 10.1742 created
180.531 132.420 11.1405 10.1742 the
195.665 132.420 35.4455 10.1742 extractive
235.103 132.420 39.5024 10.1742 summaries

72.2164 143.360 13.1644 10.1742 and
87.5232 143.360 15.6989 10.1742 then
105.373 143.360 26.8394 10.1742 applied
134.355 143.360 42.4380 10.1742 word-graph
178.945 143.360 7.0928 10.1742 to
188.180 143.360 24.2959 10.1742 reduce
214.618 143.360 11.1405 10.1742 the
227.910 143.360 31.3886 10.1742 sentence
261.441 143.360 13.1644 10.1742 and

72.2164 154.300 31.3977 10.1742 combine
105.382 154.300 11.1405 10.1742 the
118.291 154.300 37.2142 10.1742 sentences.
158.159 154.300 16.7108 10.1742 (Niu
176.638 154.300 6.5822 10.1742 et
184.989 154.300 11.1405 10.1742 al.,
197.898 154.300 21.2691 10.1742 2017)
220.936 154.300 16.7108 10.1742 used
239.415 154.300 11.1405 10.1742 the
252.324 154.300 22.2811 10.1742 chunk

72.2164 165.240 24.3050 10.1742 graphs
98.5999 165.240 22.2811 10.1742 which
122.959 165.240 11.1314 10.1742 are
136.160 165.240 20.7586 10.1742 based
158.997 165.240 9.1166 10.1742 on
170.193 165.240 11.1405 10.1742 the
183.412 165.240 42.4380 10.1742 word-graph
227.919 165.240 7.0928 10.1742 to
237.090 165.240 24.2959 10.1742 reduce
263.465 165.240 11.1405 10.1742 the

72.2164 176.180 14.1764 10.1742 size
88.1978 176.180 7.5942 10.1742 of
97.6062 176.180 11.1405 10.1742 the
110.551 176.180 23.0378 10.1742 graph.
136.260 176.180 18.2242 10.1742 (Oya
156.290 176.180 6.5822 10.1742 et
164.677 176.180 11.1405 10.1742 al.,
177.623 176.180 21.2691 10.1742 2014)
200.706 176.180 16.7108 10.1742 used
219.222 176.180 11.1405 10.1742 the
232.168 176.180 42.4380 10.1742 word-graph

72.2164 187.120 7.0928 10.1742 to
81.6247 187.120 22.6184 10.1742 merge
106.558 187.120 11.1405 10.1742 the
120.014 187.120 34.9441 10.1742 templates
157.283 187.120 35.4364 10.1742 generated
195.035 187.120 10.6300 10.1742 for
207.981 187.120 29.3738 10.1742 meeting
239.671 187.120 34.9350 10.1742 conversa-

72.2164 198.060 20.0110 10.1742 tions.

81.3334 209.760 35.4364 10.1742 (Banerjee
120.243 209.760 6.5822 10.1742 et
130.298 209.760 11.1405 10.1742 al.,
144.912 209.760 21.2691 10.1742 2017)
169.655 209.760 16.7108 10.1742 used
189.839 209.760 11.1405 10.1742 the
204.453 209.760 18.6435 10.1742 word
226.570 209.760 24.3050 10.1742 graphs
254.349 209.760 20.2572 10.1742 along

72.2164 220.700 16.2094 10.1742 with
90.6684 220.700 11.1405 10.1742 the
104.042 220.700 25.6816 10.1742 Integer
131.966 220.700 23.7945 10.1742 Linear
158.004 220.700 69.8882 10.1742 Programming(ILP)
230.134 220.700 7.0928 10.1742 to
239.461 220.700 21.7614 10.1742 create
263.465 220.700 11.1405 10.1742 the

72.2164 231.639 58.2463 10.1742 multi-document
132.687 231.639 39.1287 10.1742 abstractive
174.040 231.639 41.7816 10.1742 summaries.
218.638 231.639 18.5980 10.1742 They
239.461 231.639 14.1855 10.1742 ﬁrst
255.871 231.639 18.7347 10.1742 iden-

72.2164 242.580 18.7438 10.1742 tiﬁed
94.2604 242.580 11.1405 10.1742 the
108.701 242.580 17.7319 10.1742 most
129.733 242.580 35.4546 10.1742 important
168.488 242.580 39.5024 10.1742 documents
211.290 242.580 24.8155 10.1742 among
239.406 242.580 11.1405 10.1742 the
253.847 242.580 20.7586 10.1742 docu-

72.2164 253.520 21.7797 10.1742 ments
96.4940 253.520 7.0928 10.1742 to
106.075 253.520 8.6061 10.1742 be
117.179 253.520 44.5622 10.1742 summarized
164.230 253.520 16.2094 10.1742 with
182.938 253.520 11.1405 10.1742 the
196.567 253.520 15.6989 10.1742 help
214.764 253.520 7.5942 10.1742 of
224.856 253.520 35.5640 10.1742 LexRank,
262.964 253.520 11.6420 10.1742 co-

72.2164 264.460 14.6869 10.1742 sine
90.8052 264.460 34.9532 10.1742 similarity
129.651 264.460 19.2361 10.1742 score
152.789 264.460 13.1644 10.1742 and
169.855 264.460 25.0434 10.1742 overall
198.791 264.460 35.9561 10.1742 document
238.649 264.460 35.9561 10.1742 collection

72.2164 275.400 34.9532 10.1742 similarity
109.293 275.400 21.5153 10.1742 score.
133.589 275.400 21.0139 10.1742 Then,
156.755 275.400 15.5621 10.1742 they
174.450 275.400 26.3198 10.1742 created
202.894 275.400 11.1405 10.1742 the
216.159 275.400 27.8514 10.1742 clusters
246.143 275.400 7.5942 10.1742 of
255.862 275.400 18.7438 10.1742 simi-

72.2164 286.340 9.6181 10.1742 lar
84.1774 286.340 34.9350 10.1742 sentences
121.464 286.340 24.8155 10.1742 among
148.623 286.340 11.1405 10.1742 the
162.115 286.340 35.4546 10.1742 important
199.913 286.340 41.7816 10.1742 documents.
244.721 286.340 29.8844 10.1742 Shortest

72.2164 297.280 19.2452 10.1742 paths
93.7316 297.280 11.1314 10.1742 are
107.133 297.280 31.3977 10.1742 obtained
140.800 297.280 9.1166 10.1742 by
152.196 297.280 29.3647 10.1742 creating
183.831 297.280 11.1405 10.1742 the
197.242 297.280 45.9844 10.1742 word-graphs
245.496 297.280 13.1644 10.1742 and
260.931 297.280 13.6750 10.1742 ILP

72.2164 308.220 22.7916 10.1742 model
98.2717 308.220 6.0808 10.1742 is
107.625 308.220 26.8394 10.1742 applied
137.728 308.220 7.0928 10.1742 to
148.094 308.220 14.1855 10.1742 ﬁnd
165.543 308.220 11.1405 10.1742 the
179.947 308.220 34.9350 10.1742 sentences
218.155 308.220 16.2094 10.1742 with
237.628 308.220 36.9771 10.1742 maximum

72.2164 319.160 43.0488 10.1742 information
117.589 319.160 13.1644 10.1742 and
133.070 319.160 40.6785 10.1742 readability.
176.702 319.160 13.6750 10.1742 ILP
192.692 319.160 19.2452 10.1742 helps
214.262 319.160 34.4427 10.1742 minimize
251.021 319.160 11.1405 10.1742 the
264.486 319.160 10.1195 10.1742 re-

72.2164 330.100 35.3088 10.1742 dundancy
109.804 330.100 7.0928 10.1742 in
119.176 330.100 11.1405 10.1742 the
132.595 330.100 35.6187 10.1742 summary.

72.2164 357.435 20.5125 10.0283 2.1.6.
97.2871 357.435 42.0278 10.0283 Rule-Based
141.594 357.435 31.3977 10.0283 Methods

81.3334 369.910 7.5942 10.1742 In
91.9178 369.910 13.1736 10.1742 this
108.072 369.910 29.6291 10.1742 method,
140.874 369.910 11.1405 10.1742 the
154.995 369.910 17.7228 10.1742 rules
175.708 369.910 13.1644 10.1742 and
191.863 369.910 36.8221 10.1742 categories
231.676 369.910 11.1314 10.1742 are
245.788 369.910 11.6420 10.1742 fed
260.420 369.910 14.1855 10.1742 into

72.2164 380.850 27.6052 10.1742 system,
104.343 380.850 7.0928 10.1742 to
115.502 380.850 14.1855 10.1742 ﬁnd
133.762 380.850 11.1405 10.1742 the
148.969 380.850 41.5263 10.1742 meaningful
194.570 380.850 38.4814 10.1742 candidates
237.118 380.850 22.2811 10.1742 which
263.474 380.850 11.1314 10.1742 are

72.2164 391.790 15.6989 10.1742 then
91.1152 391.790 16.7108 10.1742 used
111.035 391.790 7.0928 10.1742 to
121.327 391.790 21.7614 10.1742 create
146.289 391.790 11.1405 10.1742 the
160.629 391.790 35.6187 10.1742 summary.
201.846 391.790 17.7136 10.1742 Here
222.759 391.790 11.1405 10.1742 the
237.109 391.790 13.5382 10.1742 text
253.847 391.790 20.7586 10.1742 docu-

72.2164 402.730 18.2333 10.1742 ment
92.4735 402.730 6.0808 10.1742 is
100.578 402.730 14.1855 10.1742 ﬁrst
116.787 402.730 41.8819 10.1742 categorized
160.693 402.730 35.9469 10.1742 according
198.655 402.730 7.0928 10.1742 to
207.771 402.730 11.1405 10.1742 the
220.936 402.730 20.2572 10.1742 terms
243.217 402.730 13.1644 10.1742 and
258.405 402.730 16.2003 10.1742 con-

72.2164 413.669 18.7347 10.1742 cepts
94.2513 413.669 26.3289 10.1742 present
123.871 413.669 7.0928 10.1742 in
134.264 413.669 20.5125 10.1742 them.
160.657 413.669 18.7347 10.1742 Then
182.682 413.669 11.1405 10.1742 the
197.123 413.669 34.4427 10.1742 questions
234.857 413.669 11.1314 10.1742 are
249.289 413.669 25.3169 10.1742 formu-

72.2164 424.609 17.7228 10.1742 lated
91.8445 424.609 35.9469 10.1742 according
129.705 424.609 7.0928 10.1742 to
138.704 424.609 11.1405 10.1742 the
151.759 424.609 27.3499 10.1742 domain
181.014 424.609 7.5942 10.1742 of
190.523 424.609 13.5382 10.1742 text
205.966 424.609 35.9561 10.1742 document
243.837 424.609 13.1644 10.1742 and
258.907 424.609 15.6989 10.1742 then

72.2164 435.550 11.1405 10.1742 the
85.2258 435.550 29.3647 10.1742 answers
116.459 435.550 11.1314 10.1742 are
129.459 435.550 33.2758 10.1742 extracted
164.613 435.550 17.7228 10.1742 from
184.205 435.550 11.1405 10.1742 the
197.214 435.550 38.2352 10.1742 document.
238.139 435.550 36.4666 10.1742 Questions

72.2164 446.490 12.6539 10.1742 can
88.3164 446.490 8.6061 10.1742 be
100.359 446.490 16.1182 10.1742 like:
121.628 446.490 24.2959 10.1742 Where
149.370 446.490 11.1405 10.1742 the
163.957 446.490 19.3820 10.1742 event
186.776 446.490 12.1525 10.1742 has
202.374 446.490 34.1692 10.1742 occurred,
240.272 446.490 19.7467 10.1742 when
263.465 446.490 11.1405 10.1742 the

72.2164 457.430 19.3820 10.1742 event
93.6861 457.430 12.1525 10.1742 has
107.917 457.430 34.1692 10.1742 occurred,
144.210 457.430 15.6989 10.1742 who
161.997 457.430 11.6511 10.1742 did
175.735 457.430 11.1405 10.1742 the
188.955 457.430 21.6612 10.1742 event,
212.740 457.430 17.7228 10.1742 what
232.550 457.430 14.0852 10.1742 was
248.714 457.430 11.1405 10.1742 the
261.942 457.430 12.6630 10.1742 im-

72.2164 468.370 15.1883 10.1742 pact
89.4286 468.370 7.5942 10.1742 of
99.0375 468.370 21.6612 10.1742 event,
122.768 468.370 12.9092 10.1742 etc.
138.421 468.370 21.7706 10.1742 These
162.206 468.370 34.4427 10.1742 questions
198.673 468.370 11.1314 10.1742 are
211.819 468.370 26.3380 10.1742 usually
240.181 468.370 34.4245 10.1742 answered

72.2164 479.310 9.1166 10.1742 by
83.7124 479.310 25.8366 10.1742 ﬁnding
111.919 479.310 11.1405 10.1742 the
125.439 479.310 14.5502 10.1742 Part
142.369 479.310 7.5942 10.1742 of
152.342 479.310 26.3289 10.1742 Speech
181.041 479.310 7.5942 10.1742 of
191.015 479.310 11.1405 10.1742 the
204.535 479.310 20.2572 10.1742 terms
227.162 479.310 13.1644 10.1742 and
242.706 479.310 31.8992 10.1742 concepts

72.2164 490.249 7.0928 10.1742 in
82.0623 490.249 11.1405 10.1742 the
95.9652 490.249 15.8174 10.1742 text.
116.040 490.249 10.6391 10.1742 By
129.441 490.249 37.4694 10.1742 answering
169.664 490.249 18.7347 10.1742 these
191.161 490.249 36.7219 10.1742 questions,
230.754 490.249 15.5621 10.1742 they
249.079 490.249 11.1314 10.1742 are
262.964 490.249 11.6420 10.1742 fed

72.2164 501.190 14.1855 10.1742 into
89.6474 501.190 19.2452 10.1742 some
112.138 501.190 25.3169 10.1742 pattern
140.700 501.190 22.2811 10.1742 which
166.227 501.190 15.6989 10.1742 then
185.171 501.190 15.6989 10.1742 help
204.116 501.190 21.7614 10.1742 create
229.123 501.190 11.1405 10.1742 the
243.509 501.190 16.2094 10.1742 ﬁnal
262.964 501.190 11.6420 10.1742 ab-

72.2164 512.130 30.5225 10.1742 stractive
105.163 512.130 33.9322 10.1742 summary
141.521 512.130 35.9469 10.1742 (Kasture1
179.893 512.130 6.5822 10.1742 et
188.900 512.130 11.1405 10.1742 al.,
202.475 512.130 23.5483 10.1742 2014).
229.287 512.130 13.1736 10.1742 But
244.885 512.130 19.7011 10.1742 again
267.011 512.130 7.5942 10.1742 as

72.2164 523.070 7.0928 10.1742 in
82.5455 523.070 55.1922 10.1742 template-based
140.974 523.070 35.6917 10.1742 approach,
180.148 523.070 15.6898 10.1742 here
199.074 523.070 11.1405 10.1742 the
213.451 523.070 17.7228 10.1742 rules
234.410 523.070 11.1314 10.1742 are
248.778 523.070 25.8275 10.1742 written

72.2164 534.010 33.9322 10.1742 manually
108.427 534.010 13.1644 10.1742 and
123.871 534.010 15.1975 10.1742 thus
141.347 534.010 18.7347 10.1742 leads
162.361 534.010 7.0928 10.1742 to
171.733 534.010 29.2736 10.1742 wastage
203.286 534.010 7.5942 10.1742 of
213.159 534.010 18.4886 10.1742 time.

81.3334 545.710 20.0293 10.1742 Table
103.997 545.710 4.5583 10.1742 2
111.199 545.710 14.6960 10.1742 lists
128.530 545.710 20.0293 10.1742 down
151.194 545.710 11.1405 10.1742 the
164.969 545.710 40.2774 10.1742 advantages
207.890 545.710 13.1644 10.1742 and
223.689 545.710 50.9165 10.1742 disadvantages

72.2164 556.650 7.5942 10.1742 of
82.0897 556.650 55.6936 10.1742 structure-based
140.062 556.650 41.0067 10.1742 approaches
183.348 556.650 9.1166 10.1742 on
194.744 556.650 17.2122 10.1742 page
214.235 556.650 11.3958 10.1742 13.

72.2164 583.985 13.6750 10.0283 2.2.
90.4496 583.985 58.7386 10.0283 Semantic-Based
151.467 583.985 35.4091 10.0283 Approach

81.3334 602.841 17.7136 10.1742 Here
102.520 602.841 14.1855 10.1742 ﬁrst
120.188 602.841 11.1405 10.1742 the
134.802 602.841 32.4097 10.1742 semantic
170.694 602.841 51.6458 10.1742 representation
225.814 602.841 7.6033 10.1742 of
236.890 602.841 11.1405 10.1742 the
251.513 602.841 13.5382 10.1742 text
268.525 602.841 6.0808 10.1742 is

72.2164 613.781 31.3977 10.1742 obtained
107.443 613.781 9.1166 10.1742 by
120.388 613.781 25.8366 10.1742 ﬁnding
150.054 613.781 11.1405 10.1742 the
165.023 613.781 43.0488 10.1742 information
211.901 613.781 22.0349 10.1742 items,
238.157 613.781 36.4484 10.1742 predicate-

72.2164 624.721 34.2695 10.1742 argument
109.394 624.721 31.8992 10.1742 structure
144.201 624.721 7.5942 10.1742 or
154.703 624.721 29.3647 10.1742 creating
186.976 624.721 32.4097 10.1742 semantic
222.294 624.721 26.5841 10.1742 graphs.
253.592 624.721 21.0139 10.1742 Then,

72.2164 635.661 13.1736 10.1742 this
87.9061 635.661 51.6458 10.1742 representation
142.059 635.661 6.0808 10.1742 is
150.656 635.661 11.6420 10.1742 fed
164.814 635.661 7.0928 10.1742 to
174.414 635.661 11.1405 10.1742 the
188.070 635.661 27.3408 10.1742 Natural
217.918 635.661 35.9469 10.1742 Language
256.381 635.661 18.2242 10.1742 Gen-

72.2164 646.601 25.3169 10.1742 eration
100.177 646.601 25.3261 10.1742 system
128.137 646.601 13.1644 10.1742 and
143.946 646.601 9.1166 10.1742 by
155.706 646.601 19.7558 10.1742 using
178.097 646.601 11.1405 10.1742 the
191.881 646.601 18.2333 10.1742 noun
212.758 646.601 13.1644 10.1742 and
228.557 646.601 16.0635 10.1742 verb
247.265 646.601 27.3408 10.1742 phrases

72.2164 657.541 53.4236 10.1742 (Dineshnath.G
127.727 657.541 7.0928 10.1742 &
136.917 657.541 49.5399 10.1742 S.Saraswathi,
188.544 657.541 23.5483 10.1742 2017),
214.217 657.541 11.1405 10.1742 the
227.454 657.541 16.2094 10.1742 ﬁnal
245.751 657.541 28.8542 10.1742 abstrac-

72.2164 668.481 13.3103 10.1742 tive
87.8788 668.481 33.9322 10.1742 summary
124.163 668.481 6.0808 10.1742 is
132.595 668.481 28.5989 10.1742 created.
164.239 668.481 28.8724 10.1742 Content
195.464 668.481 22.2811 10.1742 theme
220.097 668.481 42.5383 10.1742 intersection
264.987 668.481 9.6181 10.1742 al-

72.2164 679.421 28.8724 10.1742 gorithm
104.389 679.421 6.0808 10.1742 is
113.770 679.421 14.6869 10.1742 also
131.757 679.421 16.7108 10.1742 used
151.768 679.421 16.2094 10.1742 with
171.268 679.421 11.1405 10.1742 the
185.709 679.421 24.3050 10.1742 graphs
213.314 679.421 7.0928 10.1742 to
223.707 679.421 36.4575 10.1742 determine
263.465 679.421 11.1405 10.1742 the

72.2164 690.362 31.9083 10.1742 common
106.002 690.362 27.3408 10.1742 phrases
135.212 690.362 9.1166 10.1742 by
146.207 690.362 19.7558 10.1742 using
167.831 690.362 70.7178 10.1742 predicate-argument
240.427 690.362 34.1783 10.1742 structure.

296.486 132.557 20.5125 10.0283 2.2.1.
321.557 132.557 43.5593 10.0283 Information
367.396 132.557 16.2003 10.0283 Item
385.875 132.557 45.5741 10.0283 Based(INIT)
433.728 132.557 31.3977 10.0283 Methods

305.603 144.271 28.3528 10.1742 (Genest
335.816 144.271 7.0928 10.1742 &
344.759 144.271 34.1783 10.1742 Lapalme,
380.798 144.271 21.2691 10.1742 2011)
403.917 144.271 16.7108 10.1742 used
422.488 144.271 11.1405 10.1742 the
435.479 144.271 43.0488 10.1742 information
480.388 144.271 18.4886 10.1742 item,

296.486 155.212 11.1405 10.1742 the
310.544 155.212 29.8844 10.1742 smallest
343.355 155.212 14.1855 10.1742 unit
360.458 155.212 7.5942 10.1742 of
370.969 155.212 31.3886 10.1742 coherent
405.284 155.212 43.0488 10.1742 information
451.251 155.212 7.0928 10.1742 in
461.261 155.212 11.1405 10.1742 the
475.328 155.212 13.5382 10.1742 text
491.783 155.212 7.0928 10.1742 to

296.486 166.152 14.1855 10.1742 ﬁnd
313.270 166.152 11.1405 10.1742 the
327.000 166.152 39.1287 10.1742 abstractive
368.727 166.152 41.7816 10.1742 summaries.
414.283 166.152 17.8686 10.1742 With
434.740 166.152 43.0488 10.1742 information
480.387 166.152 18.4886 10.1742 item,

296.486 177.092 15.5621 10.1742 they
315.030 177.092 19.7467 10.1742 mean
337.757 177.092 11.1405 10.1742 the
351.888 177.092 28.6172 10.1742 entities,
383.660 177.092 16.7108 10.1742 their
403.352 177.092 52.1472 10.1742 characteristics
458.489 177.092 13.1644 10.1742 and
474.635 177.092 11.1405 10.1742 the
488.757 177.092 10.1195 10.1742 re-

296.486 188.032 39.5116 10.1742 lationships
338.605 188.032 7.5942 10.1742 or
348.807 188.032 36.4575 10.1742 properties
387.872 188.032 30.3767 10.1742 between
420.856 188.032 20.5125 10.1742 them.
445.188 188.032 18.5980 10.1742 They
466.393 188.032 20.7586 10.1742 relied
489.759 188.032 9.1166 10.1742 on

296.486 198.972 33.9322 10.1742 Semantic
332.771 198.972 17.2213 10.1742 Role
352.344 198.972 37.7338 10.1742 Modeling,
392.457 198.972 58.5015 10.1742 disambiguation,
453.329 198.972 45.5468 10.1742 co-reference

296.486 209.912 31.6530 10.1742 analysis,
330.054 209.912 34.9532 10.1742 similarity
366.821 209.912 29.3738 10.1742 analysis
398.019 209.912 13.1644 10.1742 and
412.997 209.912 54.6817 10.1742 predicate-logic
469.502 209.912 29.3738 10.1742 analysis

296.486 220.852 7.0928 10.1742 to
306.506 220.852 14.1855 10.1742 ﬁnd
323.618 220.852 11.1405 10.1742 the
337.685 220.852 43.0488 10.1742 information
383.660 220.852 22.0349 10.1742 items.
410.463 220.852 18.5980 10.1742 They
431.978 220.852 16.7108 10.1742 used
451.615 220.852 28.1066 10.1742 subject,
482.812 220.852 16.0635 10.1742 verb

296.486 231.792 13.1644 10.1742 and
312.441 231.792 22.2811 10.1742 object
337.520 231.792 25.3261 10.1742 triplets
365.636 231.792 20.2572 10.1742 along
388.683 231.792 16.2094 10.1742 with
407.691 231.792 11.1405 10.1742 the
421.622 231.792 16.2094 10.1742 time
440.621 231.792 13.1644 10.1742 and
456.584 231.792 29.3738 10.1742 location
488.747 231.792 10.1286 10.1742 in-

296.486 242.732 35.9561 10.1742 formation
334.375 242.732 7.0928 10.1742 to
343.392 242.732 21.7614 10.1742 create
367.086 242.732 11.1405 10.1742 the
380.159 242.732 33.9322 10.1742 summary
416.015 242.732 37.2142 10.1742 sentences.
455.937 242.732 14.1764 10.1742 The
472.046 242.732 26.8303 10.1742 general

296.486 253.672 39.6757 10.1742 framework
338.432 253.672 10.6300 10.1742 for
351.323 253.672 18.2242 10.1742 INIT
371.817 253.672 22.2811 10.1742 Based
396.359 253.672 30.8963 10.1742 methods
429.526 253.672 30.3858 10.1742 contains
462.172 253.672 15.1883 10.1742 four
479.631 253.672 19.2452 10.1742 mod-

296.486 264.612 14.6869 10.1742 ules
314.601 264.612 26.8394 10.1742 namely
344.859 264.612 43.0488 10.1742 information
391.336 264.612 19.7558 10.1742 items
414.511 264.612 29.9208 10.1742 retrieval
447.859 264.612 22.2720 10.1742 where
473.550 264.612 25.3261 10.1742 triplets

296.486 275.552 11.1314 10.1742 are
310.991 275.552 33.2758 10.1742 extracted
347.649 275.552 19.7558 10.1742 using
370.778 275.552 24.1865 10.1742 parser,
398.620 275.552 31.3886 10.1742 sentence
433.382 275.552 38.4814 10.1742 generation
475.246 275.552 9.1166 10.1742 by
487.735 275.552 11.1405 10.1742 us-

296.486 286.492 11.6511 10.1742 ing
311.866 286.492 32.9111 10.1742 language
348.506 286.492 36.3390 10.1742 generator,
388.938 286.492 31.3886 10.1742 sentence
424.056 286.492 32.4097 10.1742 selection
460.194 286.492 9.1166 10.1742 by
473.039 286.492 25.8366 10.1742 ﬁnding

296.486 297.432 11.1405 10.1742 the
310.079 297.432 32.9111 10.1742 top-rated
345.434 297.432 34.9350 10.1742 sentences
382.821 297.432 22.2811 10.1742 which
407.555 297.432 6.0808 10.1742 is
416.079 297.432 36.9589 10.1742 calculated
455.490 297.432 9.1166 10.1742 on
467.050 297.432 11.1405 10.1742 the
480.643 297.432 18.2333 10.1742 basis

296.486 308.372 7.5942 10.1742 of
307.581 308.372 24.7152 10.1742 factors
335.797 308.372 13.5838 10.1742 like
352.882 308.372 35.9561 10.1742 document
392.339 308.372 37.9982 10.1742 frequency,
434.148 308.372 10.6300 10.1742 etc
448.279 308.372 13.1644 10.1742 and
464.944 308.372 33.9322 10.1742 summary

296.486 319.312 38.4814 10.1742 generation
337.247 319.312 19.7558 10.1742 using
359.282 319.312 31.9083 10.1742 planning
393.469 319.312 35.9469 10.1742 (Kasture1
431.695 319.312 6.5822 10.1742 et
440.557 319.312 11.1405 10.1742 al.,
453.977 319.312 23.5483 10.1742 2014).

296.486 339.961 20.5125 10.0283 2.2.2.
321.557 339.961 73.7628 10.0283 Predicate-Argument
397.599 339.961 22.2811 10.0283 Based
422.159 339.961 35.4091 10.0283 Approach

305.603 351.677 71.2284 10.1742 Predicate-argument
380.396 351.677 31.8992 10.1742 structure
415.851 351.677 23.2930 10.1742 means
442.709 351.677 11.1405 10.1742 the
457.405 351.677 21.8891 10.1742 verbs,
483.178 351.677 15.6989 10.1742 sub-

296.486 362.617 13.1644 10.1742 ject
312.012 362.617 13.1644 10.1742 and
327.538 362.617 24.5603 10.1742 object,
354.468 362.617 10.6300 10.1742 etc
367.460 362.617 7.5942 10.1742 of
377.415 362.617 11.1405 10.1742 the
390.917 362.617 33.6678 10.1742 sentence.
427.648 362.617 71.2284 10.1742 Predicate-argument

296.486 373.557 31.8992 10.1742 structure
330.583 373.557 6.0808 10.1742 is
338.861 373.557 31.3977 10.1742 obtained
372.455 373.557 10.6300 10.1742 for
385.283 373.557 11.1405 10.1742 the
398.611 373.557 34.9350 10.1742 sentences
435.743 373.557 7.0928 10.1742 to
445.033 373.557 33.4125 10.1742 represent
480.643 373.557 18.2333 10.1742 them

296.486 384.496 47.7712 10.1742 semantically.
354.678 384.496 21.0139 10.1742 Then,
381.134 384.496 11.1405 10.1742 the
397.089 384.496 46.0847 10.1742 semantically
447.978 384.496 25.3261 10.1742 similar
478.117 384.496 20.7586 10.1742 struc-

296.486 395.436 17.7228 10.1742 tures
316.534 395.436 11.1314 10.1742 are
329.981 395.436 21.2691 10.1742 found
353.575 395.436 17.7228 10.1742 from
373.613 395.436 18.2333 10.1742 them
394.171 395.436 9.1166 10.1742 by
405.604 395.436 19.7558 10.1742 using
427.684 395.436 34.9532 10.1742 similarity
464.953 395.436 33.9230 10.1742 measures

296.486 406.376 13.5838 10.1742 like
313.872 406.376 13.6750 10.1742 edit
331.339 406.376 29.8753 10.1742 distance
365.016 406.376 32.6558 10.1742 measure,
401.848 406.376 12.9092 10.1742 etc.
422.141 406.376 47.6071 10.1742 Semantically
473.550 406.376 25.3261 10.1742 similar

296.486 417.317 35.4455 10.1742 structures
336.126 417.317 11.1314 10.1742 are
351.460 417.317 27.1767 10.1742 merged
382.830 417.317 29.8753 10.1742 together
416.899 417.317 9.1166 10.1742 by
430.209 417.317 19.7558 10.1742 using
454.168 417.317 19.2452 10.1742 some
477.607 417.317 21.2691 10.1742 meth-

296.486 428.257 12.6630 10.1742 ods
311.757 428.257 13.5838 10.1742 like
327.948 428.257 32.9111 10.1742 K-means
363.466 428.257 13.1644 10.1742 and
379.229 428.257 43.0306 10.1742 hierarchical
424.867 428.257 35.9561 10.1742 clustering
463.430 428.257 35.4455 10.1742 (Alshaina

296.486 439.197 6.5822 10.1742 et
305.521 439.197 11.1405 10.1742 al.,
319.114 439.197 23.5483 10.1742 2017).
346.008 439.197 30.8872 10.1742 Features
379.348 439.197 11.1314 10.1742 are
392.931 439.197 33.2758 10.1742 extracted
428.660 439.197 17.7228 10.1742 from
448.835 439.197 11.1405 10.1742 the
462.428 439.197 36.4484 10.1742 predicate-

296.486 450.137 34.2695 10.1742 argument
333.391 450.137 57.3984 10.1742 structures(PAS)
393.424 450.137 13.1644 10.1742 and
409.223 450.137 15.6989 10.1742 then
427.556 450.137 15.5621 10.1742 they
445.744 450.137 11.1314 10.1742 are
459.510 450.137 26.0736 10.1742 scored.
489.477 450.137 9.3993 10.1742 To

296.486 461.076 35.9561 10.1742 maximize
334.175 461.076 11.1405 10.1742 the
347.056 461.076 29.3647 10.1742 salience
378.153 461.076 22.7825 10.1742 scores
402.668 461.076 7.5942 10.1742 of
411.994 461.076 11.1405 10.1742 the
424.876 461.076 37.2142 10.1742 sentences,
463.932 461.076 34.9441 10.1742 optimiza-

296.486 472.016 14.1855 10.1742 tion
313.525 472.016 41.0067 10.1742 approaches
357.377 472.016 13.5838 10.1742 like
373.814 472.016 25.6816 10.1742 Integer
402.340 472.016 23.7945 10.1742 Linear
428.988 472.016 69.8882 10.1742 Programming(ILP)

296.486 482.957 6.0808 10.1742 is
305.640 482.957 18.9900 10.1742 used.
329.826 482.957 18.2333 10.1742 High
351.132 482.957 26.8394 10.1742 scoring
381.043 482.957 15.8812 10.1742 PAS
399.988 482.957 11.1314 10.1742 are
414.191 482.957 29.3647 10.1742 selected
446.629 482.957 13.1644 10.1742 and
462.865 482.957 11.6420 10.1742 fed
477.570 482.957 7.0928 10.1742 to
487.735 482.957 11.1405 10.1742 the

296.486 493.897 32.9111 10.1742 language
332.269 493.897 38.4814 10.1742 generation
373.622 493.897 25.3261 10.1742 system
401.820 493.897 10.6300 10.1742 for
415.313 493.897 29.3647 10.1742 creating
447.549 493.897 11.1405 10.1742 the
461.562 493.897 16.2094 10.1742 ﬁnal
480.643 493.897 18.2333 10.1742 sum-

296.486 504.837 20.4213 10.1742 mary.
319.624 504.837 13.1736 10.1742 But
334.740 504.837 7.0928 10.1742 to
343.784 504.837 30.8781 10.1742 generate
376.604 504.837 11.1405 10.1742 the
389.695 504.837 14.9604 10.1742 new
406.597 504.837 34.9350 10.1742 sentences
443.483 504.837 11.6511 10.1742 out
457.076 504.837 7.5942 10.1742 of
466.621 504.837 18.2333 10.1742 them
486.806 504.837 6.0808 10.1742 is
494.828 504.837 4.0478 10.1742 a

296.486 515.777 16.0635 10.1742 very
315.130 515.777 28.3077 10.1742 diﬃcult
346.018 515.777 14.6869 10.1742 task
363.285 515.777 13.4197 10.1742 (Li,
379.284 515.777 21.2691 10.1742 2015)
403.133 515.777 17.7228 10.1742 from
423.436 515.777 13.1736 10.1742 this
439.190 515.777 29.6291 10.1742 method.
472.548 515.777 26.3289 10.1742 (Zhang

296.486 526.717 6.5822 10.1742 et
305.056 526.717 11.1405 10.1742 al.,
318.175 526.717 21.2691 10.1742 2016)
341.431 526.717 33.4216 10.1742 proposed
376.831 526.717 4.0478 10.1742 a
382.867 526.717 54.6817 10.1742 cross-language
439.527 526.717 39.1287 10.1742 abstractive
480.643 526.717 18.2333 10.1742 sum-

296.486 537.657 38.9919 10.1742 marization
337.402 537.657 33.4125 10.1742 approach
372.747 537.657 9.1166 10.1742 by
383.787 537.657 19.7558 10.1742 using
405.476 537.657 70.7178 10.1742 predicate-argument
478.117 537.657 20.7586 10.1742 struc-

296.486 548.597 14.1764 10.1742 ture
313.936 548.597 13.1644 10.1742 and
330.382 548.597 30.2217 10.1742 merging
363.877 548.597 18.2333 10.1742 them
385.383 548.597 19.7558 10.1742 using
408.412 548.597 25.6816 10.1742 Integer
437.375 548.597 23.7945 10.1742 Linear
464.442 548.597 34.4336 10.1742 Program-

296.486 559.537 21.0230 10.1742 ming.
320.190 559.537 18.5980 10.1742 They
340.620 559.537 35.4455 10.1742 annotated
377.898 559.537 11.1405 10.1742 the
390.880 559.537 70.7178 10.1742 predicate-argument
463.430 559.537 35.4455 10.1742 structures

296.486 570.477 16.2094 10.1742 with
315.887 570.477 32.4097 10.1742 semantic
351.487 570.477 14.1764 10.1742 role
368.854 570.477 34.4427 10.1742 modeling
406.497 570.477 7.0928 10.1742 to
416.781 570.477 22.7916 10.1742 obtain
442.763 570.477 11.1405 10.1742 the
457.094 570.477 41.7816 10.1742 summaries.

296.486 581.417 9.3993 10.1742 To
310.161 581.417 19.1085 10.1742 solve
333.546 581.417 11.1405 10.1742 the
348.962 581.417 43.4044 10.1742 dependency
396.633 581.417 7.5942 10.1742 of
408.503 581.417 53.6788 10.1742 human-written
466.457 581.417 32.4188 10.1742 ontology

296.486 592.357 2.2792 10.1742 ,
302.968 592.357 35.4455 10.1742 (Alshaina
342.234 592.357 6.5822 10.1742 et
352.627 592.357 11.1405 10.1742 al.,
367.587 592.357 21.2691 10.1742 2017)
392.676 592.357 16.7108 10.1742 used
413.198 592.357 11.1405 10.1742 the
428.158 592.357 70.7178 10.1742 predicate-argument

296.486 603.298 31.8992 10.1742 structure
330.956 603.298 20.2572 10.1742 along
353.785 603.298 16.2094 10.1742 with
372.565 603.298 11.1405 10.1742 the
386.285 603.298 32.4097 10.1742 semantic
421.266 603.298 14.1764 10.1742 role
438.013 603.298 34.4427 10.1742 modeling
475.027 603.298 7.0928 10.1742 to
484.691 603.298 14.1855 10.1742 ﬁnd

296.486 614.237 11.1405 10.1742 the
310.088 614.237 32.4097 10.1742 semantic
344.960 614.237 34.9532 10.1742 similarity
382.374 614.237 30.3767 10.1742 between
415.203 614.237 11.1405 10.1742 the
428.805 614.237 37.8159 10.1742 arguments
469.083 614.237 13.1644 10.1742 and
484.709 614.237 14.1673 10.1742 cre-

296.486 625.177 15.1883 10.1742 ated
313.954 625.177 11.1405 10.1742 the
327.374 625.177 58.2463 10.1742 multi-document
387.899 625.177 39.1287 10.1742 abstractive
429.307 625.177 41.7816 10.1742 summaries.

296.486 645.827 20.5125 10.0283 2.2.3.
321.557 645.827 33.4216 10.0283 Semantic
357.258 645.827 48.9838 10.0283 Graph-Based
408.521 645.827 31.3977 10.0283 Methods

305.603 657.541 5.5703 10.1742 It
313.498 657.541 6.0808 10.1742 is
321.895 657.541 13.1644 10.1742 one
337.384 657.541 7.5942 10.1742 of
347.294 657.541 11.1405 10.1742 the
360.759 657.541 16.0635 10.1742 very
379.138 657.541 27.8514 10.1742 popular
409.314 657.541 15.0972 10.1742 way
426.727 657.541 7.0928 10.1742 to
436.145 657.541 33.4125 10.1742 represent
471.873 657.541 11.1405 10.1742 the
485.338 657.541 13.5382 10.1742 text

296.486 668.481 9.1166 10.1742 on
308.338 668.481 11.1405 10.1742 the
322.223 668.481 18.2333 10.1742 basis
343.191 668.481 7.5942 10.1742 of
353.529 668.481 11.1405 10.1742 the
367.405 668.481 32.4097 10.1742 semantic
402.559 668.481 31.3977 10.1742 relations
436.691 668.481 30.3767 10.1742 between
469.812 668.481 11.1405 10.1742 the
483.688 668.481 15.1883 10.1742 sen-

296.486 679.422 22.7825 10.1742 tences
322.177 679.422 7.0928 10.1742 in
332.169 679.422 11.1405 10.1742 the
346.218 679.422 15.8174 10.1742 text.
366.739 679.422 33.9322 10.1742 Semantic
403.571 679.422 36.4575 10.1742 properties
442.936 679.422 26.8394 10.1742 include
472.675 679.422 11.1405 10.1742 the
486.724 679.422 12.1525 10.1742 on-

296.486 690.362 31.9083 10.1742 tological
330.729 690.362 31.3977 10.1742 relations
364.460 690.362 13.1644 10.1742 and
379.968 690.362 11.1405 10.1742 the
393.442 690.362 38.9919 10.1742 syntactical
434.768 690.362 31.3977 10.1742 relations
468.499 690.362 30.3767 10.1742 between

283.267 706.772 4.5583 10.1742 6

210.051 21.8897 72.3402 12.7684 ACCEPTED
285.891 21.8897 90.2327 12.7684 MANUSCRIPT

54.9470 623.773 45.6014 26.4027 A
79.5679 599.382 45.6014 24.3914 C
102.313 574.991 45.6014 24.3914 C
125.058 552.647 45.6014 22.3435 E
145.894 532.315 45.6014 20.3323 P
164.854 509.971 45.6014 22.3435 T
185.689 487.628 45.6014 22.3435 E
206.525 461.225 45.6014 26.4027 D

239.671 419.573 45.6014 32.5097 M

269.987 393.171 45.6014 26.4027 A
294.608 366.768 45.6014 26.4027 N
319.229 340.365 45.6014 26.4027 U
343.850 320.033 45.6014 20.3323 S
362.810 295.642 45.6014 24.3914 C
385.555 271.250 45.6014 24.3914 R
408.300 259.073 45.6014 12.1774 I
419.656 238.741 45.6014 20.3323 P
438.616 216.397 45.6014 22.3435 T

72.2164 132.420 11.1405 10.1742 the
86.0190 132.420 24.4691 10.1742 words.
114.453 132.420 43.0488 10.1742 Ontological
160.155 132.420 31.3977 10.1742 relations
194.215 132.420 22.7916 10.1742 utilize
219.669 132.420 11.1405 10.1742 the
233.462 132.420 30.8872 10.1742 property
267.011 132.420 7.5942 10.1742 of

72.2164 143.360 39.5389 10.1742 synonymy,
114.271 143.360 40.5053 10.1742 hyponymy,
157.292 143.360 43.0306 10.1742 hypernymy,
202.839 143.360 10.6300 10.1742 etc
215.940 143.360 29.8661 10.1742 whereas
248.277 143.360 26.3289 10.1742 syntac-

72.2164 154.300 15.6989 10.1742 tical
90.0576 154.300 31.3977 10.1742 relations
123.606 154.300 22.7916 10.1742 utilize
148.540 154.300 11.1405 10.1742 the
161.823 154.300 30.8872 10.1742 property
194.853 154.300 7.5942 10.1742 of
204.599 154.300 43.0488 10.1742 relationship
249.790 154.300 24.8155 10.1742 among

72.2164 165.240 11.1405 10.1742 the
86.4474 165.240 22.1899 10.1742 words
111.727 165.240 9.1166 10.1742 on
123.944 165.240 11.1405 10.1742 the
138.175 165.240 18.2333 10.1742 basis
159.499 165.240 7.5942 10.1742 of
170.183 165.240 70.2438 10.1742 subject-object-verb
243.518 165.240 11.1405 10.1742 i.e.
259.928 165.240 14.6778 10.1742 rep-

72.2164 176.180 30.3767 10.1742 resented
105.501 176.180 7.0928 10.1742 in
115.511 176.180 20.2572 10.1742 terms
138.676 176.180 7.5942 10.1742 of
149.179 176.180 43.4044 10.1742 dependency
195.491 176.180 13.6659 10.1742 tree
212.074 176.180 13.1644 10.1742 and
228.147 176.180 11.1405 10.1742 the
242.196 176.180 32.4097 10.1742 syntactic

72.2164 187.120 13.6659 10.1742 tree
88.1614 187.120 21.7797 10.1742 (Joshi
112.220 187.120 6.5822 10.1742 et
121.081 187.120 11.1405 10.1742 al.,
134.501 187.120 9.8733 10.1742 b).

81.3334 198.668 17.7136 10.1742 Here
102.493 198.668 11.1405 10.1742 the
117.088 198.668 35.9561 10.1742 document
156.491 198.668 6.0808 10.1742 is
166.027 198.668 42.0186 10.1742 represented
211.491 198.668 19.7558 10.1742 using
234.702 198.668 4.0478 10.1742 a
242.196 198.668 32.4097 10.1742 semantic

72.2164 209.608 23.0378 10.1742 graph.
102.392 209.608 23.8036 10.1742 Nouns
129.915 209.608 13.1644 10.1742 and
146.799 209.608 19.6099 10.1742 verbs
170.129 209.608 11.1314 10.1742 are
184.980 209.608 42.0186 10.1742 represented
230.709 209.608 7.5942 10.1742 as
242.023 209.608 21.2691 10.1742 nodes
267.011 209.608 7.5942 10.1742 of

72.2164 220.548 11.1405 10.1742 the
86.5660 220.548 23.0378 10.1742 graph,
113.049 220.548 20.2572 10.1742 while
136.516 220.548 31.4069 10.1742 relations
171.132 220.548 30.3767 10.1742 between
204.717 220.548 11.1405 10.1742 the
219.067 220.548 21.2691 10.1742 nodes
243.554 220.548 6.0808 10.1742 is
252.844 220.548 21.7614 10.1742 repre-

72.2164 231.487 23.2930 10.1742 sented
98.8734 231.487 9.1166 10.1742 by
111.354 231.487 11.1405 10.1742 the
125.867 231.487 19.4914 10.1742 edge.
151.440 231.487 22.7825 10.1742 (Khan
177.586 231.487 6.5822 10.1742 et
187.532 231.487 11.1405 10.1742 al.,
202.046 231.487 21.2691 10.1742 2018)
226.679 231.487 33.4216 10.1742 proposed
263.465 231.487 11.1405 10.1742 the

72.2164 242.428 32.4097 10.1742 semantic
106.923 242.428 44.5531 10.1742 graph-based
153.773 242.428 33.4125 10.1742 approach
189.492 242.428 10.6300 10.1742 for
202.420 242.428 58.2463 10.1742 multi-document
262.964 242.428 11.6420 10.1742 ab-

72.2164 253.368 30.5225 10.1742 stractive
105.938 253.368 33.9322 10.1742 summary
143.070 253.368 40.7605 10.1742 generation.
189.410 253.368 18.2242 10.1742 (Han
210.835 253.368 6.5822 10.1742 et
220.608 253.368 11.1405 10.1742 al.,
234.948 253.368 21.2691 10.1742 2016)
259.417 253.368 15.1883 10.1742 pro-

72.2164 264.308 21.2691 10.1742 posed
97.0045 264.308 4.0478 10.1742 a
104.571 264.308 32.4097 10.1742 semantic
140.500 264.308 44.5531 10.1742 graph-based
188.563 264.308 22.7916 10.1742 model
214.873 264.308 19.7558 10.1742 using
238.148 264.308 36.4575 10.1742 FrameNet

72.2164 275.248 22.2720 10.1742 where
97.6518 275.248 16.7017 10.1742 each
117.526 275.248 31.3886 10.1742 sentence
152.078 275.248 6.0808 10.1742 is
161.331 275.248 39.4933 10.1742 considered
203.988 275.248 7.5942 10.1742 as
214.755 275.248 4.0478 10.1742 a
221.966 275.248 22.5090 10.1742 vertex
247.648 275.248 13.1644 10.1742 and
263.975 275.248 10.6300 10.1742 se-

72.2164 286.188 24.8155 10.1742 mantic
100.632 286.188 31.3977 10.1742 relations
135.640 286.188 30.3767 10.1742 between
169.618 286.188 11.1405 10.1742 the
184.360 286.188 34.9350 10.1742 sentences
222.905 286.188 6.0808 10.1742 is
232.587 286.188 42.0186 10.1742 represented

72.2164 297.128 7.5942 10.1742 as
82.0076 297.128 23.0378 10.1742 edges.
107.844 297.128 34.4336 10.1742 Framenet
144.465 297.128 6.0808 10.1742 is
152.743 297.128 16.7108 10.1742 used
171.642 297.128 7.0928 10.1742 to
180.932 297.128 27.8514 10.1742 classify
210.980 297.128 11.1405 10.1742 the
224.309 297.128 34.9350 10.1742 sentences
261.441 297.128 13.1644 10.1742 and

72.2164 308.068 14.1855 10.1742 ﬁnd
89.3648 308.068 11.1405 10.1742 the
103.459 308.068 34.4700 10.1742 relevance
140.892 308.068 30.3767 10.1742 between
174.231 308.068 11.1405 10.1742 the
188.335 308.068 34.9350 10.1742 sentences
226.223 308.068 13.1644 10.1742 and
242.351 308.068 32.2547 10.1742 accuracy

72.2164 319.008 6.0808 10.1742 is
81.2601 319.008 32.0359 10.1742 achieved
116.249 319.008 19.7558 10.1742 using
138.968 319.008 33.4490 10.1742 Wordnet.
177.285 319.008 37.1230 10.1742 Following
217.371 319.008 11.1314 10.1742 are
231.456 319.008 13.4379 10.1742 few
247.857 319.008 26.7482 10.1742 famous

72.2164 329.948 32.4097 10.1742 semantic
107.242 329.948 24.3050 10.1742 graphs
134.164 329.948 22.2811 10.1742 which
159.061 329.948 16.8932 10.1742 have
178.580 329.948 17.2122 10.1742 been
198.409 329.948 16.7108 10.1742 used
217.736 329.948 10.6300 10.1742 for
230.982 329.948 29.3647 10.1742 creating
262.964 329.948 11.6420 10.1742 ab-

72.2164 340.888 30.5225 10.1742 stractive
105.018 340.888 41.7816 10.1742 summaries.

81.3608 363.668 4.5310 16.5011 •
90.4495 363.376 17.2213 10.1742 Rich
109.986 363.376 33.9322 10.1742 Semantic
146.234 363.376 28.8633 10.1742 Graphs:
177.987 363.376 5.5703 10.1742 It
185.873 363.376 6.0808 10.1742 is
194.269 363.376 13.1644 10.1742 one
209.749 363.376 7.5942 10.1742 of
219.659 363.376 11.1405 10.1742 the
233.106 363.376 15.0972 10.1742 way
250.519 363.376 7.0928 10.1742 to
259.928 363.376 14.6778 10.1742 rep-

90.4495 374.316 21.7706 10.1742 resent
115.383 374.316 11.1405 10.1742 the
129.678 374.316 32.4097 10.1742 semantic
165.251 374.316 43.0488 10.1742 information
211.463 374.316 7.5942 10.1742 of
222.212 374.316 11.1405 10.1742 the
236.516 374.316 13.5382 10.1742 text
253.209 374.316 7.0928 10.1742 in
263.465 374.316 11.1405 10.1742 the

90.4495 385.256 17.7228 10.1742 form
111.044 385.256 7.5942 10.1742 of
121.509 385.256 26.5841 10.1742 graphs.
152.697 385.256 23.8036 10.1742 Nouns
179.373 385.256 13.1644 10.1742 and
195.409 385.256 20.7586 10.1742 Verbs
219.039 385.256 7.5942 10.1742 of
229.505 385.256 11.1405 10.1742 the
243.518 385.256 13.5382 10.1742 text
259.928 385.256 14.6778 10.1742 rep-

90.4495 396.196 21.7706 10.1742 resent
116.030 396.196 11.1405 10.1742 the
130.982 396.196 21.2691 10.1742 nodes
156.062 396.196 13.1644 10.1742 and
173.028 396.196 11.1405 10.1742 the
187.979 396.196 32.4097 10.1742 semantic
224.199 396.196 13.1644 10.1742 and
241.175 396.196 33.4308 10.1742 topologi-

90.4495 407.136 10.6300 10.1742 cal
103.267 407.136 27.8514 10.1742 relation
133.297 407.136 30.3767 10.1742 between
165.862 407.136 18.2333 10.1742 them
186.274 407.136 40.5053 10.1742 correspond
228.967 407.136 7.0928 10.1742 to
238.239 407.136 11.1405 10.1742 the
251.568 407.136 23.0378 10.1742 edges.

90.4495 418.077 23.8036 10.1742 Nouns
117.079 418.077 13.1644 10.1742 and
133.069 418.077 19.6099 10.1742 verbs
155.505 418.077 7.5942 10.1742 of
165.926 418.077 11.1405 10.1742 the
179.892 418.077 13.5382 10.1742 text
196.248 418.077 11.1314 10.1742 are
210.205 418.077 31.3977 10.1742 obtained
244.429 418.077 16.2094 10.1742 with
263.465 418.077 11.1405 10.1742 the

90.4495 429.016 15.6989 10.1742 help
110.095 429.016 7.5942 10.1742 of
121.646 429.016 26.8394 10.1742 parsing
152.433 429.016 7.5942 10.1742 or
163.975 429.016 34.1054 10.1742 ontology.
205.920 429.016 34.7071 10.1742 (Moawad
244.584 429.016 7.0928 10.1742 &
255.624 429.016 18.9809 10.1742 Aref,

90.4495 439.956 21.2691 10.1742 2012)
113.459 439.956 16.7108 10.1742 used
131.921 439.956 11.1405 10.1742 the
144.802 439.956 17.2213 10.1742 Rich
163.765 439.956 33.9322 10.1742 Semantic
199.448 439.956 50.1325 10.1742 Graphs(RSG)
251.321 439.956 23.2839 10.1742 reduc-

90.4495 450.896 14.1855 10.1742 tion
107.734 450.896 33.4125 10.1742 approach
144.237 450.896 10.6300 10.1742 for
157.967 450.896 38.4814 10.1742 generating
199.539 450.896 11.1405 10.1742 the
213.779 450.896 21.7797 10.1742 single
238.649 450.896 35.9561 10.1742 document

90.4495 461.836 39.1287 10.1742 abstractive
133.562 461.836 41.7816 10.1742 summaries.
183.293 461.836 18.5980 10.1742 They
205.875 461.836 28.8542 10.1742 reduced
238.722 461.836 11.1405 10.1742 the
253.847 461.836 20.7586 10.1742 graph

90.4495 472.776 9.1166 10.1742 by
102.237 472.776 19.7558 10.1742 using
124.664 472.776 31.3977 10.1742 heuristic
158.733 472.776 17.7228 10.1742 rules
179.127 472.776 16.7108 10.1742 such
198.509 472.776 7.5942 10.1742 as
208.774 472.776 44.8357 10.1742 substitution,
256.381 472.776 18.2242 10.1742 dele-

90.4495 483.717 16.4647 10.1742 tion,
109.056 483.717 7.5942 10.1742 or
118.756 483.717 22.7916 10.1742 fusion
143.654 483.717 7.5942 10.1742 of
153.363 483.717 23.5483 10.1742 nodes.
179.674 483.717 22.7825 10.1742 Graph
204.571 483.717 23.2930 10.1742 Nodes
229.970 483.717 11.1314 10.1742 are
243.208 483.717 31.3977 10.1742 obtained

90.4495 494.657 9.1166 10.1742 by
102.036 494.657 19.7558 10.1742 using
124.272 494.657 27.3499 10.1742 domain
154.092 494.657 34.1054 10.1742 ontology,
190.714 494.657 22.2811 10.1742 which
215.475 494.657 28.8724 10.1742 consists
246.818 494.657 7.5942 10.1742 of
256.883 494.657 17.7228 10.1742 class

90.4495 505.596 34.3789 10.1742 hierarchy
128.557 505.596 13.1644 10.1742 and
145.450 505.596 33.6769 10.1742 relations.
186.292 505.596 35.8558 10.1742 (Bartakke
225.877 505.596 6.5822 10.1742 et
236.188 505.596 11.1405 10.1742 al.,
251.057 505.596 23.5483 10.1742 2016),

90.4495 516.536 27.3499 10.1742 (Munot
121.801 516.536 7.0928 10.1742 &
132.896 516.536 34.5521 10.1742 Govilkar,
171.460 516.536 21.2691 10.1742 2015)
196.731 516.536 26.3198 10.1742 created
227.053 516.536 11.1405 10.1742 the
242.196 516.536 32.4097 10.1742 semantic

90.4495 527.476 24.3050 10.1742 graphs
118.063 527.476 10.6300 10.1742 for
131.994 527.476 16.7017 10.1742 each
152.005 527.476 31.3886 10.1742 sentence
186.693 527.476 13.1644 10.1742 and
203.167 527.476 15.6989 10.1742 then
222.166 527.476 16.7199 10.1742 used
242.187 527.476 32.4188 10.1742 ontology

90.4495 538.416 7.0928 10.1742 to
100.204 538.416 47.9171 10.1742 inter-connect
150.783 538.416 11.1405 10.1742 the
164.586 538.416 31.8992 10.1742 concepts
199.156 538.416 7.0928 10.1742 to
208.911 538.416 21.7614 10.1742 create
233.334 538.416 11.1405 10.1742 the
247.137 538.416 14.1764 10.1742 rich
263.975 538.416 10.6300 10.1742 se-

90.4495 549.357 24.8155 10.1742 mantic
118.784 549.357 40.0039 10.1742 sub-graphs
162.297 549.357 13.1644 10.1742 and
178.981 549.357 15.6989 10.1742 then
198.199 549.357 26.8394 10.1742 applied
228.548 549.357 11.1405 10.1742 the
243.208 549.357 31.3977 10.1742 heuristic

90.4495 560.297 17.7228 10.1742 rules
110.050 560.297 7.0928 10.1742 to
119.030 560.297 21.7614 10.1742 create
142.669 560.297 11.1405 10.1742 the
155.688 560.297 16.2094 10.1742 ﬁnal
173.775 560.297 28.8542 10.1742 reduced
204.517 560.297 32.4097 10.1742 semantic
238.804 560.297 20.7586 10.1742 graph
261.441 560.297 13.1644 10.1742 and

90.4495 571.237 15.6989 10.1742 then
108.974 571.237 11.6420 10.1742 fed
123.442 571.237 5.0689 10.1742 it
131.337 571.237 7.0928 10.1742 to
141.265 571.237 11.1405 10.1742 the
155.232 571.237 25.3169 10.1742 natural
183.375 571.237 32.9111 10.1742 language
219.112 571.237 38.4814 10.1742 generation
260.420 571.237 14.1855 10.1742 tool

90.4495 582.176 7.0928 10.1742 to
99.8214 582.176 21.7614 10.1742 create
123.862 582.176 11.1405 10.1742 the
137.281 582.176 39.1287 10.1742 abstractive
178.689 582.176 35.6187 10.1742 summary.

81.3608 603.133 4.5310 16.5011 •
90.4495 602.841 20.7677 10.1742 AMR
117.908 602.841 28.8633 10.1742 Graphs:
158.423 602.841 30.8872 10.1742 Abstract
196.011 602.841 32.4097 10.1742 Meaning
235.112 602.841 39.4933 10.1742 Reprsenta-

90.4495 613.781 41.0249 10.1742 tion(AMR)
133.334 613.781 26.3289 10.1742 Graphs
161.522 613.781 11.1314 10.1742 are
174.514 613.781 28.6080 10.1742 labeled,
205.064 613.781 23.2930 10.1742 rooted
230.216 613.781 13.1644 10.1742 and
245.241 613.781 29.3647 10.1742 directed

90.4495 624.721 25.6816 10.1742 acyclic
118.319 624.721 24.3050 10.1742 graphs
144.812 624.721 7.5942 10.1742 of
154.603 624.721 11.1405 10.1742 the
167.931 624.721 37.2142 10.1742 sentences.
207.944 624.721 20.7677 10.1742 AMR
230.900 624.721 26.3289 10.1742 Graphs
259.417 624.721 15.1883 10.1742 pro-

90.4495 635.661 15.6989 10.1742 vide
109.621 635.661 11.1405 10.1742 the
124.244 635.661 32.4097 10.1742 semantic
160.128 635.661 51.6458 10.1742 representation
215.247 635.661 7.5942 10.1742 of
226.324 635.661 11.1405 10.1742 the
240.938 635.661 33.6678 10.1742 sentence.

90.4495 646.601 23.2930 10.1742 Nodes
117.772 646.601 7.5942 10.1742 of
129.395 646.601 11.1405 10.1742 the
144.565 646.601 24.3050 10.1742 graphs
172.900 646.601 33.4125 10.1742 represent
210.342 646.601 31.8992 10.1742 concepts
246.271 646.601 13.1644 10.1742 and
263.465 646.601 11.1405 10.1742 the

90.4495 657.541 20.7586 10.1742 edges
114.225 657.541 33.4125 10.1742 represent
150.646 657.541 11.1405 10.1742 the
164.804 657.541 43.0488 10.1742 relationship
210.862 657.541 30.3767 10.1742 between
244.256 657.541 11.1405 10.1742 the
258.405 657.541 16.2003 10.1742 con-

90.4495 668.481 21.0139 10.1742 cepts.
117.343 668.481 20.7677 10.1742 AMR
141.402 668.481 26.3289 10.1742 Graphs
171.031 668.481 33.4125 10.1742 represent
207.744 668.481 9.6272 10.1742 lot
220.662 668.481 7.5942 10.1742 of
231.557 668.481 43.0488 10.1742 information

90.4495 679.421 20.2572 10.1742 about
114.389 679.421 11.1405 10.1742 the
129.213 679.421 13.5382 10.1742 text
146.434 679.421 13.5838 10.1742 like
163.701 679.421 11.1405 10.1742 the
178.525 679.421 24.3050 10.1742 named
206.513 679.421 28.6172 10.1742 entities,
239.160 679.421 35.4455 10.1742 semantic-

90.4495 690.362 14.1764 10.1742 role
106.804 690.362 31.6530 10.1742 labeling,
140.654 690.362 70.7178 10.1742 predicate-argument
213.551 690.362 31.8992 10.1742 structure
247.620 690.362 13.1644 10.1742 and
262.963 690.362 11.6420 10.1742 co-

314.720 132.420 33.9048 10.1742 reference
351.405 132.420 27.8514 10.1742 relation
382.028 132.420 28.2251 10.1742 (Foland
413.033 132.420 7.0928 10.1742 &
422.907 132.420 27.0947 10.1742 Martin,
452.773 132.420 23.5483 10.1742 2017).
480.643 132.420 18.2333 10.1742 Con-

314.720 143.360 18.7347 10.1742 cepts
335.916 143.360 11.1314 10.1742 are
349.500 143.360 24.8246 10.1742 mostly
376.786 143.360 20.7586 10.1742 either
400.006 143.360 11.1405 10.1742 the
413.599 143.360 27.8605 10.1742 English
443.921 143.360 22.1899 10.1742 words
468.563 143.360 7.5942 10.1742 or
478.619 143.360 20.2572 10.1742 Prop-

314.720 154.300 19.2452 10.1742 Bank
336.947 153.447 6.3816 7.1219 10
346.767 154.300 27.0856 10.1742 frames.
378.784 154.300 18.5980 10.1742 Even
400.364 154.300 25.3261 10.1742 though
428.680 154.300 18.2242 10.1742 there
449.885 154.300 11.1314 10.1742 are
463.998 154.300 4.0478 10.1742 a
471.027 154.300 27.8514 10.1742 number

314.720 165.240 7.5942 10.1742 of
325.277 165.240 25.8183 10.1742 parsers
354.049 165.240 32.5009 10.1742 available
389.513 165.240 10.6300 10.1742 for
403.096 165.240 26.8394 10.1742 parsing
432.899 165.240 11.4687 10.1742 but
447.321 165.240 24.8246 10.1742 mostly
475.109 165.240 23.7671 10.1742 JAMR

314.720 176.181 22.2720 10.1742 parser
340.872 175.327 6.3816 7.1219 11
351.589 176.181 6.0808 10.1742 is
361.554 176.181 16.7108 10.1742 used
382.139 176.181 7.0928 10.1742 to
393.116 176.181 29.3647 10.1742 perform
426.355 176.181 11.1405 10.1742 the
441.379 176.181 29.3738 10.1742 parsing;
475.430 176.181 5.0689 10.1742 it
484.382 176.181 14.4955 10.1742 per-

314.720 187.120 21.2691 10.1742 forms
338.423 187.120 26.8394 10.1742 parsing
367.687 187.120 7.0928 10.1742 in
377.214 187.120 13.5838 10.1742 two
393.232 187.120 20.7677 10.1742 steps:
417.127 187.120 14.1855 10.1742 ﬁrst
433.746 187.120 9.1166 10.1742 by
445.288 187.120 40.0130 10.1742 identifying
487.735 187.120 11.1405 10.1742 the

314.720 198.060 12.9365 10.1742 key
329.507 198.060 31.8992 10.1742 concepts
363.247 198.060 19.7558 10.1742 using
384.854 198.060 48.8926 10.1742 semi-Markov
435.588 198.060 25.0708 10.1742 model,
462.592 198.060 25.3169 10.1742 second
489.759 198.060 9.1166 10.1742 by

314.720 209.000 40.0130 10.1742 identifying
357.914 209.000 11.1405 10.1742 the
372.227 209.000 31.3977 10.1742 relations
406.807 209.000 30.3767 10.1742 between
440.365 209.000 11.1405 10.1742 the
454.678 209.000 31.8992 10.1742 concepts
489.759 209.000 9.1166 10.1742 by

314.720 219.940 34.9350 10.1742 searching
351.396 219.940 10.6300 10.1742 for
363.767 219.940 36.9771 10.1742 maximum
402.476 219.940 36.9589 10.1742 connected
441.177 219.940 32.9202 10.1742 spanning
475.838 219.940 23.0378 10.1742 graph.

314.720 235.699 22.2811 10.1742 While
338.751 235.699 38.4814 10.1742 generating
378.983 235.699 11.1405 10.1742 the
391.874 235.699 23.7945 10.1742 source
417.428 235.699 20.7586 10.1742 graph
439.937 235.699 10.6300 10.1742 for
452.317 235.699 11.1405 10.1742 the
465.208 235.699 33.6678 10.1742 sentence,

314.720 246.639 7.5942 10.1742 as
325.222 246.639 11.1405 10.1742 the
339.271 246.639 25.3261 10.1742 similar
367.505 246.639 31.8992 10.1742 concepts
402.303 246.639 11.1314 10.1742 are
416.343 246.639 27.1767 10.1742 merged
446.428 246.639 31.7898 10.1742 together,
481.281 246.639 8.1047 10.1742 so
492.294 246.639 6.5822 10.1742 at

314.720 257.578 11.1405 10.1742 the
328.522 257.578 13.1644 10.1742 end
344.349 257.578 7.5942 10.1742 of
354.605 257.578 32.5009 10.1742 merging,
389.859 257.578 8.6061 10.1742 an
401.127 257.578 20.7677 10.1742 entity
424.557 257.578 6.0808 10.1742 is
433.300 257.578 42.0186 10.1742 represented
477.980 257.578 7.0928 10.1742 in
487.735 257.578 11.1405 10.1742 the

314.720 268.518 20.7586 10.1742 graph
338.933 268.518 16.2094 10.1742 only
358.598 268.518 19.4914 10.1742 once.
384.435 268.518 20.5125 10.1742 Thus,
408.694 268.518 36.7766 10.1742 regardless
448.926 268.518 7.5942 10.1742 of
459.975 268.518 27.8514 10.1742 number
491.282 268.518 7.5942 10.1742 of

314.720 279.458 22.0349 10.1742 times,
340.428 279.458 11.1405 10.1742 the
354.960 279.458 28.3528 10.1742 concept
386.705 279.458 12.1525 10.1742 has
402.248 279.458 32.9020 10.1742 appeared
438.542 279.458 7.0928 10.1742 in
449.026 279.458 4.0478 10.1742 a
456.465 279.458 33.6678 10.1742 sentence,
493.807 279.458 5.0689 10.1742 it

314.720 290.398 6.0808 10.1742 is
324.246 290.398 42.0186 10.1742 represented
369.711 290.398 7.5942 10.1742 as
380.761 290.398 16.2094 10.1742 only
400.416 290.398 13.1644 10.1742 one
417.027 290.398 20.0019 10.1742 node.
443.365 290.398 15.6989 10.1742 And
462.510 290.398 13.1736 10.1742 this
479.129 290.398 19.7467 10.1742 when

314.720 301.339 26.8394 10.1742 applied
346.190 301.339 7.0928 10.1742 to
357.905 301.339 30.3949 10.1742 multiple
392.931 301.339 37.2142 10.1742 sentences,
435.360 301.339 15.1883 10.1742 lead
455.180 301.339 7.0928 10.1742 to
466.895 301.339 11.1405 10.1742 the
482.666 301.339 16.2094 10.1742 ﬁnal

314.720 312.279 20.7586 10.1742 graph
337.502 312.279 16.2094 10.1742 with
355.744 312.279 54.5449 10.1742 no-redundancy
412.313 312.279 15.6989 10.1742 (Liu
430.045 312.279 6.5822 10.1742 et
438.651 312.279 11.1405 10.1742 al.,
451.816 312.279 23.5483 10.1742 2015).
478.108 312.279 20.7677 10.1742 AMR

314.720 323.219 26.3289 10.1742 Graphs
344.823 323.219 11.1314 10.1742 are
359.728 323.219 16.7108 10.1742 used
380.214 323.219 7.0928 10.1742 in
391.071 323.219 18.2242 10.1742 three
413.070 323.219 55.1922 10.1742 representations
472.036 323.219 26.8394 10.1742 namely

314.720 334.158 7.0928 10.1742 in
324.465 334.158 43.0488 10.1742 conjunction
370.158 334.158 17.7228 10.1742 form
390.534 334.158 7.0928 10.1742 to
400.270 334.158 14.1855 10.1742 ﬁnd
417.109 334.158 11.1405 10.1742 the
430.893 334.158 34.9532 10.1742 similarity
468.499 334.158 30.3767 10.1742 between

314.720 345.098 18.7347 10.1742 more
336.827 345.098 15.6989 10.1742 than
355.899 345.098 4.5583 10.1742 1
363.822 345.098 20.7677 10.1742 AMR
387.963 345.098 25.0617 10.1742 Graph,
416.671 345.098 7.0928 10.1742 in
427.128 345.098 38.4905 10.1742 PENMAN
468.991 345.098 29.8844 10.1742 notation

314.720 356.038 13.1644 10.1742 and
330.163 356.038 7.5942 10.1742 as
340.036 356.038 4.0478 10.1742 a
346.363 356.038 20.7586 10.1742 graph
369.401 356.038 50.1233 10.1742 data-structure
421.804 356.038 18.1877 10.1742 (Viet
442.271 356.038 6.5822 10.1742 et
451.132 356.038 11.1405 10.1742 al.,
464.552 356.038 23.5483 10.1742 2017).

314.720 371.797 22.2355 10.1742 (Vilca
340.948 371.797 7.0928 10.1742 &
352.043 371.797 38.7366 10.1742 Cabezudo,
394.773 371.797 21.2691 10.1742 2017)
420.044 371.797 16.7108 10.1742 used
440.748 371.797 11.1405 10.1742 the
455.891 371.797 20.7677 10.1742 AMR
480.652 371.797 18.2242 10.1742 pars-

314.720 382.737 11.6511 10.1742 ing
329.972 382.737 10.6300 10.1742 for
344.194 382.737 16.7017 10.1742 each
364.496 382.737 31.3886 10.1742 sentence
399.477 382.737 7.0928 10.1742 to
410.171 382.737 30.8781 10.1742 generate
444.641 382.737 11.1405 10.1742 the
459.383 382.737 39.4933 10.1742 conceptual

314.720 393.677 20.7586 10.1742 graph
339.334 393.677 13.1644 10.1742 and
356.346 393.677 46.0755 10.1742 incorporated
406.278 393.677 56.8514 10.1742 Discourse-level
466.977 393.677 31.8992 10.1742 informa-

314.720 404.617 14.1855 10.1742 tion
333.254 404.617 7.0928 10.1742 to
344.704 404.617 28.3619 10.1742 identify
377.415 404.617 11.1405 10.1742 the
392.904 404.617 34.1783 10.1742 concepts.
436.126 404.617 18.5980 10.1742 They
459.082 404.617 16.7108 10.1742 used
480.141 404.617 18.7347 10.1742 these

314.720 415.556 31.8992 10.1742 concepts
351.068 415.556 7.0928 10.1742 to
362.609 415.556 30.8781 10.1742 generate
397.936 415.556 11.1405 10.1742 the
413.517 415.556 25.3169 10.1742 natural
443.283 415.556 32.9111 10.1742 language
480.643 415.556 18.2333 10.1742 sum-

314.720 426.497 24.3050 10.1742 maries
342.142 426.497 19.7558 10.1742 using
365.025 426.497 46.8505 10.1742 SimpleNLG.
414.994 426.497 15.6989 10.1742 (Liu
433.810 426.497 6.5822 10.1742 et
443.510 426.497 11.1405 10.1742 al.,
457.778 426.497 21.2691 10.1742 2015)
482.165 426.497 16.7108 10.1742 used

314.720 437.437 11.1405 10.1742 the
329.780 437.437 54.6817 10.1742 graph-to-graph
388.382 437.437 53.6788 10.1742 transformation
445.972 437.437 10.6300 10.1742 for
460.522 437.437 4.0478 10.1742 a
468.490 437.437 30.3858 10.1742 domain-

314.720 448.377 44.5622 10.1742 independent
361.151 448.377 33.9322 10.1742 summary
396.961 448.377 40.7605 10.1742 generation.
440.411 448.377 18.5980 10.1742 They
460.878 448.377 16.7108 10.1742 used
479.457 448.377 19.4185 10.1742 Tree-

314.720 459.317 17.7228 10.1742 bank
334.949 459.317 7.0928 10.1742 to
344.558 459.317 21.7614 10.1742 create
368.827 459.317 20.7677 10.1742 AMR
392.102 459.317 26.3289 10.1742 Graphs
420.938 459.317 13.1644 10.1742 and
436.618 459.317 15.6989 10.1742 then
454.824 459.317 44.0516 10.1742 transformed

314.720 470.257 18.7347 10.1742 these
335.752 470.257 24.3050 10.1742 graphs
362.345 470.257 7.0928 10.1742 to
371.735 470.257 30.8781 10.1742 generate
404.901 470.257 11.1405 10.1742 the
418.339 470.257 35.6187 10.1742 summary.
456.821 470.257 19.7467 10.1742 (Liao
478.865 470.257 6.5822 10.1742 et
487.735 470.257 11.1405 10.1742 al.,

314.720 481.197 21.2691 10.1742 2018)
338.787 481.197 26.3198 10.1742 created
367.915 481.197 11.1405 10.1742 the
381.855 481.197 20.7677 10.1742 AMR
405.421 481.197 26.3289 10.1742 Graphs
434.549 481.197 10.6300 10.1742 for
447.987 481.197 16.7017 10.1742 each
467.487 481.197 31.3886 10.1742 sentence

314.720 492.137 13.1644 10.1742 and
330.546 492.137 15.6989 10.1742 then
348.898 492.137 27.1767 10.1742 merged
378.737 492.137 18.2333 10.1742 them
399.632 492.137 7.0928 10.1742 to
409.378 492.137 21.7614 10.1742 create
433.801 492.137 11.1405 10.1742 the
447.595 492.137 39.5024 10.1742 summaries
489.759 492.137 9.1166 10.1742 by

314.720 503.077 19.7558 10.1742 using
337.657 503.077 26.2286 10.1742 surface
367.067 503.077 40.7605 10.1742 realization.
413.362 503.077 18.5980 10.1742 They
435.141 503.077 16.8932 10.1742 have
455.216 503.077 16.7108 10.1742 used
475.109 503.077 23.7671 10.1742 JAMR

314.720 514.017 22.6458 10.1742 Parser
339.599 514.017 7.0928 10.1742 to
348.934 514.017 28.3619 10.1742 identify
379.530 514.017 11.1405 10.1742 the
392.913 514.017 31.8992 10.1742 concepts
427.046 514.017 13.1644 10.1742 and
442.453 514.017 11.1405 10.1742 the
455.827 514.017 43.0488 10.1742 relationship

314.720 524.957 30.3767 10.1742 between
347.375 524.957 11.1405 10.1742 the
360.795 524.957 34.1783 10.1742 concepts.

314.720 540.715 17.8686 10.1742 With
335.852 540.715 11.1405 10.1742 the
350.247 540.715 37.4694 10.1742 increasing
390.980 540.715 30.3676 10.1742 research
424.602 540.715 7.5942 10.1742 of
435.460 540.715 24.8064 10.1742 Neural
463.521 540.715 35.3544 10.1742 Networks

314.720 551.655 10.6300 10.1742 for
329.179 551.655 54.1894 10.1742 summarization
387.188 551.655 31.1425 10.1742 purpose,
422.542 551.655 15.5621 10.1742 they
441.933 551.655 16.8932 10.1742 have
462.646 551.655 17.2122 10.1742 been
483.687 551.655 15.1883 10.1742 suc-

314.720 562.595 32.4097 10.1742 cessfully
352.390 562.595 26.8394 10.1742 applied
384.480 562.595 7.0928 10.1742 to
396.824 562.595 11.1405 10.1742 the
413.225 562.595 14.6869 10.1742 task
433.163 562.595 7.5942 10.1742 of
446.018 562.595 20.7677 10.1742 AMR
472.036 562.595 26.8394 10.1742 parsing

314.720 573.535 16.9661 10.1742 also.
335.387 573.535 32.0906 10.1742 (Konstas
370.048 573.535 6.5822 10.1742 et
379.211 573.535 11.1405 10.1742 al.,
392.922 573.535 21.2691 10.1742 2017)
416.762 573.535 16.7108 10.1742 used
436.044 573.535 11.1405 10.1742 the
449.755 573.535 49.1205 10.1742 bi-directional

314.720 584.475 24.3141 10.1742 LSTM
341.750 584.475 20.7586 10.1742 based
365.217 584.475 22.7916 10.1742 model
390.725 584.475 6.5822 10.1742 at
400.024 584.475 28.8542 10.1742 encoder
431.586 584.475 14.6869 10.1742 side
448.990 584.475 13.1644 10.1742 and
464.862 584.475 4.0478 10.1742 a
471.626 584.475 27.2497 10.1742 stacked

314.720 595.415 24.3141 10.1742 LSTM
340.893 595.415 22.7916 10.1742 model
365.554 595.415 6.5822 10.1742 at
373.996 595.415 11.1405 10.1742 the
386.996 595.415 28.8542 10.1742 decoder
417.710 595.415 14.6869 10.1742 side
434.266 595.415 10.6300 10.1742 for
446.756 595.415 20.7677 10.1742 AMR
469.383 595.415 29.4924 10.1742 Parsing.

314.720 606.355 28.2251 10.1742 (Foland
346.865 606.355 7.0928 10.1742 &
357.869 606.355 27.0947 10.1742 Martin,
388.883 606.355 21.2691 10.1742 2017)
414.073 606.355 16.7108 10.1742 used
434.695 606.355 11.1405 10.1742 the
449.755 606.355 49.1205 10.1742 bi-directional

314.720 617.295 19.2452 10.1742 Long
337.083 617.295 19.7558 10.1742 Short
359.947 617.295 19.1085 10.1742 Term
382.174 617.295 61.7835 10.1742 Memory(LSTM)
447.075 617.295 22.7916 10.1742 model
472.975 617.295 7.0928 10.1742 to
483.186 617.295 15.6898 10.1742 cap-

314.720 628.235 14.1764 10.1742 ture
335.095 628.235 16.2094 10.1742 both
357.504 628.235 11.1405 10.1742 the
374.844 628.235 14.6869 10.1742 past
395.730 628.235 13.1644 10.1742 and
415.094 628.235 21.7706 10.1742 future
443.064 628.235 33.4125 10.1742 sequence
482.676 628.235 16.2003 10.1742 con-

314.720 639.175 15.8174 10.1742 text.
338.259 639.175 18.1877 10.1742 (Viet
360.357 639.175 6.5822 10.1742 et
370.860 639.175 11.1405 10.1742 al.,
385.911 639.175 21.2691 10.1742 2017)
411.092 639.175 26.3198 10.1742 created
441.322 639.175 4.0478 10.1742 a
449.281 639.175 49.5946 10.1742 convolutional

314.720 650.115 79.9895 10.1742 sequence-to-sequence
397.307 650.115 22.7916 10.1742 model
422.706 650.115 20.2572 10.1742 along
445.562 650.115 16.2094 10.1742 with
464.378 650.115 11.1405 10.1742 the
478.117 650.115 20.7586 10.1742 graph

303.688 682.083 5.4700 6.1045 10
309.614 684.545 104.616 6.7901 https://propbank.github.io/

303.688 690.988 5.4700 6.1045 11
309.614 693.449 127.866 6.7901 https://github.com/jflanigan/jamr

283.267 706.771 4.5583 10.1742 7

210.051 21.8897 72.3402 12.7684 ACCEPTED
285.891 21.8897 90.2327 12.7684 MANUSCRIPT

54.9470 623.773 45.6014 26.4027 A
79.5679 599.382 45.6014 24.3914 C
102.313 574.991 45.6014 24.3914 C
125.058 552.647 45.6014 22.3435 E
145.894 532.315 45.6014 20.3323 P
164.854 509.971 45.6014 22.3435 T
185.689 487.628 45.6014 22.3435 E
206.525 461.225 45.6014 26.4027 D

239.671 419.573 45.6014 32.5097 M

269.987 393.171 45.6014 26.4027 A
294.608 366.768 45.6014 26.4027 N
319.229 340.365 45.6014 26.4027 U
343.850 320.033 45.6014 20.3323 S
362.810 295.642 45.6014 24.3914 C
385.555 271.250 45.6014 24.3914 R
408.300 259.073 45.6014 12.1774 I
419.656 238.741 45.6014 20.3323 P
438.616 216.397 45.6014 22.3435 T

90.4495 132.420 45.5741 10.1742 linearization
139.314 132.420 10.6300 10.1742 for
153.244 132.420 20.7677 10.1742 AMR
177.303 132.420 26.8394 10.1742 parsing
207.434 132.420 22.2811 10.1742 which
233.015 132.420 12.1525 10.1742 has
248.459 132.420 26.1465 10.1742 outper-

90.4495 143.360 26.3289 10.1742 formed
120.142 143.360 15.6989 10.1742 than
139.214 143.360 16.2094 10.1742 both
158.787 143.360 11.1405 10.1742 the
173.292 143.360 46.5952 10.1742 conventional
223.260 143.360 20.7677 10.1742 AMR
247.392 143.360 27.2132 10.1742 Parsing

90.4495 154.300 13.1644 10.1742 and
105.364 154.300 11.1405 10.1742 the
118.246 154.300 31.3886 10.1742 sentence
151.385 154.300 38.4814 10.1742 generation
191.616 154.300 43.2858 10.1742 approaches.
237.546 154.300 18.5980 10.1742 They
257.895 154.300 16.7108 10.1742 used

90.4495 165.240 51.6276 10.1742 Convolutional
145.623 165.240 27.3499 10.1742 Models
176.519 165.240 15.6989 10.1742 than
195.774 165.240 24.3141 10.1742 LSTM
223.634 165.240 26.3380 10.1742 models
253.519 165.240 7.0928 10.1742 in
264.158 165.240 10.4477 10.1742 or-

90.4495 176.180 11.6420 10.1742 der
105.564 176.180 7.0928 10.1742 to
116.121 176.180 24.2959 10.1742 reduce
143.891 176.180 11.1405 10.1742 the
158.505 176.180 43.4044 10.1742 dependency
205.383 176.180 22.2811 10.1742 which
231.128 176.180 15.6989 10.1742 then
250.300 176.180 24.3050 10.1742 helped

90.4495 187.120 24.2959 10.1742 reduce
117.024 187.120 11.1405 10.1742 the
130.444 187.120 20.7586 10.1742 graph
153.482 187.120 33.3487 10.1742 traversal.

81.3608 213.219 4.5310 16.5011 •
90.4495 212.927 20.2572 10.1742 Basic
114.398 212.927 33.9322 10.1742 Semantic
152.023 212.927 16.2094 10.1742 Unit
171.934 212.927 24.8155 10.1742 Based:
202.401 212.927 20.7677 10.1742 AMR
226.861 212.927 24.3050 10.1742 graphs
254.859 212.927 19.7467 10.1742 focus

90.4495 223.868 16.2094 10.1742 only
111.408 223.868 9.1166 10.1742 on
125.284 223.868 54.6817 10.1742 graph-to-graph
184.715 223.868 53.6788 10.1742 transformation
243.153 223.868 13.1644 10.1742 and
261.067 223.868 13.5382 10.1742 text

90.4495 234.807 38.4814 10.1742 generation
131.428 234.807 27.3499 10.1742 module
161.267 234.807 6.0808 10.1742 is
169.846 234.807 11.6511 10.1742 not
183.986 234.807 37.1048 10.1742 developed
223.589 234.807 10.6300 10.1742 for
236.707 234.807 7.3480 10.1742 it.
247.529 234.807 9.3993 10.1742 To
259.417 234.807 15.1883 10.1742 deal

90.4495 245.747 16.2094 10.1742 with
109.065 245.747 7.3480 10.1742 it,
118.838 245.747 13.4197 10.1742 (Li,
134.665 245.747 21.2691 10.1742 2015)
158.332 245.747 16.8932 10.1742 have
177.632 245.747 16.7108 10.1742 used
196.749 245.747 32.4097 10.1742 semantic
231.557 245.747 43.0488 10.1742 information

90.4495 256.687 7.0928 10.1742 to
99.4020 256.687 21.7614 10.1742 create
123.023 256.687 58.2463 10.1742 multi-document
183.138 256.687 39.1287 10.1742 abstractive
224.126 256.687 39.5024 10.1742 summaries
265.489 256.687 9.1166 10.1742 by

90.4495 267.627 19.7558 10.1742 using
113.551 267.627 41.0249 10.1742 BSU(Basic
157.912 267.627 33.9322 10.1742 Semantic
195.181 267.627 21.5244 10.1742 Unit),
220.316 267.627 11.1405 10.1742 the
234.802 267.627 17.7319 10.1742 most
255.871 267.627 18.7347 10.1742 basic

90.4495 278.568 28.8633 10.1742 element
122.685 278.568 7.5942 10.1742 of
133.653 278.568 31.3886 10.1742 coherent
168.415 278.568 15.8174 10.1742 text.
190.340 278.568 18.5980 10.1742 They
212.311 278.568 16.8932 10.1742 have
232.578 278.568 42.0278 10.1742 constructed

90.4495 289.508 17.7319 10.1742 BSU
111.116 289.508 32.4097 10.1742 semantic
146.471 289.508 14.1855 10.1742 link
163.592 289.508 29.7841 10.1742 network
196.312 289.508 22.2720 10.1742 where
221.528 289.508 17.7319 10.1742 BSU
242.196 289.508 32.4097 10.1742 indicates

90.4495 300.448 21.7706 10.1742 actors
114.307 300.448 13.1644 10.1742 and
129.569 300.448 32.5373 10.1742 receivers
164.194 300.448 13.1644 10.1742 and
179.446 300.448 28.8724 10.1742 consists
210.406 300.448 7.5942 10.1742 of
220.097 300.448 32.4097 10.1742 semantic
254.594 300.448 20.0110 10.1742 links,

90.4495 311.387 32.4097 10.1742 semantic
127.025 311.387 23.5483 10.1742 nodes,
155.223 311.387 13.1644 10.1742 and
172.554 311.387 35.4455 10.1742 reasoning
212.175 311.387 20.0019 10.1742 rules.
240.673 311.387 33.9322 10.1742 Semantic

90.4495 322.327 17.7319 10.1742 links
111.399 322.327 15.6989 10.1742 help
130.307 322.327 30.3767 10.1742 captures
163.902 322.327 11.1405 10.1742 the
178.251 322.327 26.7027 10.1742 context
208.172 322.327 25.3169 10.1742 around
236.698 322.327 11.1405 10.1742 the
251.057 322.327 23.5483 10.1742 nodes.

90.4495 333.267 15.9359 10.1742 Text
109.375 333.267 12.6539 10.1742 can
125.019 333.267 8.6061 10.1742 be
136.616 333.267 35.4364 10.1742 generated
175.033 333.267 36.4069 10.1742 eﬃciently
214.430 333.267 19.7558 10.1742 using
237.177 333.267 13.1736 10.1742 this
253.340 333.267 21.2691 10.1742 meth-

90.4495 344.208 14.9422 10.1742 ods.

72.2164 379.479 20.5125 10.0283 2.2.4.
99.5663 379.479 42.5474 10.0283 Multimodal
144.392 379.479 33.4216 10.0283 Semantic
180.093 379.479 27.8514 10.0283 Method

81.3334 393.087 18.7438 10.1742 Most
102.502 393.087 7.5942 10.1742 of
112.521 393.087 11.1405 10.1742 the
126.087 393.087 43.0488 10.1742 information
171.560 393.087 7.0928 10.1742 in
181.078 393.087 11.1405 10.1742 the
194.653 393.087 15.1883 10.1742 web
212.266 393.087 6.0808 10.1742 is
220.772 393.087 11.6511 10.1742 not
234.848 393.087 23.2930 10.1742 purely
260.566 393.087 14.0396 10.1742 tex-

72.2164 404.027 15.9541 10.1742 tual.
96.5396 404.027 5.5703 10.1742 It
106.239 404.027 24.8246 10.1742 mostly
135.185 404.027 30.3858 10.1742 contains
169.700 404.027 28.1066 10.1742 images,
202.402 404.027 26.0827 10.1742 videos,
233.070 404.027 12.9092 10.1742 etc.
254.348 404.027 20.2572 10.1742 along

72.2164 414.967 16.2094 10.1742 with
91.8718 414.967 11.1405 10.1742 the
106.449 414.967 15.8174 10.1742 text.
128.593 414.967 35.9469 10.1742 (Kasture1
167.977 414.967 6.5822 10.1742 et
178.005 414.967 11.1405 10.1742 al.,
192.592 414.967 21.2691 10.1742 2014)
217.307 414.967 12.1525 10.1742 has
232.897 414.967 27.1220 10.1742 divided
263.465 414.967 11.1405 10.1742 the

72.2164 425.907 26.8303 10.1742 general
102.009 425.907 39.6757 10.1742 framework
144.657 425.907 10.6300 10.1742 for
158.250 425.907 42.0460 10.1742 multimodal
203.268 425.907 54.1894 10.1742 summarization
260.420 425.907 14.1855 10.1742 into

72.2164 436.847 18.2242 10.1742 three
94.6342 436.847 24.3050 10.1742 phases
123.132 436.847 26.8394 10.1742 namely
154.165 436.847 32.4097 10.1742 semantic
190.760 436.847 22.7916 10.1742 model
217.745 436.847 45.0727 10.1742 construction
267.011 436.847 7.5942 10.1742 of

72.2164 447.788 34.1783 10.1742 concepts,
110.305 447.788 4.0478 10.1742 a
117.945 447.788 21.2691 10.1742 rating
142.797 447.788 7.5942 10.1742 of
153.974 447.788 31.8992 10.1742 concepts
189.465 447.788 9.1166 10.1742 on
202.165 447.788 11.1405 10.1742 the
216.888 447.788 18.2333 10.1742 basis
238.713 447.788 7.5942 10.1742 of
249.890 447.788 24.7152 10.1742 factors

72.2164 458.727 13.5838 10.1742 like
89.7112 458.727 51.3997 10.1742 completeness,
145.423 458.727 13.1644 10.1742 and
162.498 458.727 31.3886 10.1742 sentence
197.789 458.727 40.7605 10.1742 generation.
246.262 458.727 28.3437 10.1742 (Green-

72.2164 469.667 26.4839 10.1742 backer,
102.328 469.667 21.2691 10.1742 2011)
127.235 469.667 16.7108 10.1742 used
147.574 469.667 11.1405 10.1742 the
162.343 469.667 43.0488 10.1742 information
209.020 469.667 26.3380 10.1742 density
238.996 469.667 7.5942 10.1742 as
250.218 469.667 4.0478 10.1742 a
257.895 469.667 16.7108 10.1742 met-

72.2164 480.607 9.6181 10.1742 ric
85.2805 480.607 7.0928 10.1742 to
95.8194 480.607 32.4006 10.1742 calculate
131.666 480.607 11.1405 10.1742 the
146.261 480.607 26.8394 10.1742 content
176.547 480.607 31.3977 10.1742 obtained
211.391 480.607 17.7228 10.1742 from
232.560 480.607 42.0460 10.1742 multimodal

72.2164 491.547 33.9322 10.1742 summary
107.971 491.547 33.1755 10.1742 methods.
143.827 491.547 9.3993 10.1742 To
155.050 491.547 21.7614 10.1742 create
178.635 491.547 11.1405 10.1742 the
191.608 491.547 39.1287 10.1742 abstractive
232.560 491.547 42.0460 10.1742 multimodal

72.2164 502.487 41.7816 10.1742 summaries,
116.705 502.487 15.5621 10.1742 they
134.893 502.487 14.1855 10.1742 ﬁrst
151.695 502.487 26.3198 10.1742 created
180.640 502.487 11.1405 10.1742 the
194.406 502.487 32.4097 10.1742 semantic
229.433 502.487 22.7916 10.1742 model
254.850 502.487 19.7558 10.1742 using

72.2164 513.428 39.7759 10.1742 knowledge
115.465 513.428 53.9250 10.1742 representation,
173.174 513.428 22.2720 10.1742 where
198.919 513.428 15.5621 10.1742 they
217.964 513.428 42.0278 10.1742 constructed
263.465 513.428 11.1405 10.1742 the

72.2164 524.368 31.8992 10.1742 concepts
107.743 524.368 13.1644 10.1742 and
124.527 524.368 15.6989 10.1742 then
143.855 524.368 33.2758 10.1742 extracted
180.759 524.368 11.1405 10.1742 the
195.519 524.368 32.4097 10.1742 semantic
231.557 524.368 43.0488 10.1742 information

72.2164 535.307 17.7228 10.1742 from
92.2912 535.307 11.1405 10.1742 the
105.774 535.307 25.8366 10.1742 limited
133.963 535.307 27.8514 10.1742 speciﬁc
164.157 535.307 17.7228 10.1742 class
184.232 535.307 7.5942 10.1742 of
194.178 535.307 28.1066 10.1742 images.
225.312 535.307 19.2361 10.1742 After
246.900 535.307 27.7055 10.1742 extract-

72.2164 546.247 11.6511 10.1742 ing
86.1648 546.247 11.1405 10.1742 the
99.6028 546.247 32.4097 10.1742 semantic
134.309 546.247 45.3280 10.1742 information,
181.935 546.247 15.5621 10.1742 they
199.794 546.247 34.4427 10.1742 identiﬁed
236.534 546.247 11.1405 10.1742 the
249.972 546.247 24.6332 10.1742 impor-

72.2164 557.187 13.6750 10.1742 tant
89.3283 557.187 31.8992 10.1742 concepts
124.673 557.187 19.7558 10.1742 using
147.866 557.187 43.0488 10.1742 information
194.352 557.187 26.3380 10.1742 density
224.127 557.187 25.5722 10.1742 metric.
256.008 557.187 18.5980 10.1742 They

72.2164 568.127 16.7108 10.1742 used
91.9812 568.127 11.1405 10.1742 the
106.166 568.127 31.3977 10.1742 phrasing
140.618 568.127 30.8963 10.1742 methods
174.559 568.127 7.0928 10.1742 to
184.706 568.127 30.8781 10.1742 generate
218.629 568.127 11.1405 10.1742 the
232.824 568.127 41.7816 10.1742 summaries.

72.2164 579.068 38.9828 10.1742 (UzZaman
113.961 579.068 6.5822 10.1742 et
123.296 579.068 11.1405 10.1742 al.,
137.199 579.068 21.2691 10.1742 2011)
161.222 579.068 26.3198 10.1742 created
190.304 579.068 42.0460 10.1742 multimodal
235.103 579.068 39.5024 10.1742 summaries

72.2164 590.008 7.5942 10.1742 of
83.7945 590.008 31.2610 10.1742 complex
119.039 590.008 34.9350 10.1742 sentences
157.958 590.008 9.1166 10.1742 by
171.059 590.008 25.8366 10.1742 ﬁnding
200.870 590.008 11.1405 10.1742 the
215.995 590.008 26.3380 10.1742 entities
246.317 590.008 13.1644 10.1742 and
263.465 590.008 11.1405 10.1742 the

72.2164 600.948 18.2333 10.1742 main
93.3123 600.948 15.1883 10.1742 idea
111.372 600.948 24.8155 10.1742 behind
139.050 600.948 11.1405 10.1742 the
153.062 600.948 13.5382 10.1742 text
169.463 600.948 13.1644 10.1742 and
185.499 600.948 15.6989 10.1742 then
204.061 600.948 21.7706 10.1742 added
228.703 600.948 11.1405 10.1742 the
242.706 600.948 31.8992 10.1742 structure

72.2164 611.887 7.0928 10.1742 to
81.6339 611.887 11.1405 10.1742 the
95.0991 611.887 28.1066 10.1742 images.
126.159 611.887 34.4427 10.1742 Ontology
162.927 611.887 6.0808 10.1742 is
171.323 611.887 16.7108 10.1742 used
190.359 611.887 7.0928 10.1742 in
199.776 611.887 13.1736 10.1742 this
215.274 611.887 33.4125 10.1742 approach
251.003 611.887 7.0928 10.1742 to
260.420 611.887 14.1855 10.1742 ﬁnd

72.2164 622.827 11.1405 10.1742 the
86.9033 622.827 31.8992 10.1742 concepts
122.348 622.827 11.4687 10.1742 but
137.363 622.827 9.1166 10.1742 no
150.026 622.827 49.6310 10.1742 automatically
203.204 622.827 35.4364 10.1742 generated
242.187 622.827 32.4188 10.1742 ontology

72.2164 633.767 6.0808 10.1742 is
81.3877 633.767 16.7108 10.1742 used
101.179 633.767 7.0928 10.1742 in
111.363 633.767 18.7347 10.1742 these
133.188 633.767 41.0067 10.1742 approaches
177.276 633.767 22.2811 10.1742 which
202.648 633.767 18.7347 10.1742 leads
224.473 633.767 7.0928 10.1742 to
234.647 633.767 29.2736 10.1742 wastage
267.011 633.767 7.5942 10.1742 of

72.2164 644.708 22.0349 10.1742 times.
99.5207 644.708 19.5005 10.1742 Also,
122.312 644.708 18.2242 10.1742 there
143.627 644.708 6.0808 10.1742 is
152.798 644.708 9.1166 10.1742 no
165.014 644.708 35.9561 10.1742 automatic
204.061 644.708 27.3499 10.1742 method
234.501 644.708 7.0928 10.1742 to
244.685 644.708 29.9208 10.1742 evaluate

72.2164 655.648 18.7347 10.1742 these
94.6342 655.648 41.7816 10.1742 summaries,
140.436 655.648 22.2811 10.1742 which
166.400 655.648 20.7768 10.1742 limits
190.851 655.648 11.1405 10.1742 the
205.675 655.648 35.2450 10.1742 eﬃciency
244.603 655.648 7.5942 10.1742 of
255.871 655.648 18.7347 10.1742 these

72.2164 666.588 33.1755 10.1742 methods.

81.3334 679.421 20.0293 10.1742 Table
103.997 679.421 4.5583 10.1742 4
111.199 679.421 14.6960 10.1742 lists
128.530 679.421 20.0293 10.1742 down
151.194 679.421 11.1405 10.1742 the
164.969 679.421 40.2774 10.1742 advantages
207.890 679.421 13.1644 10.1742 and
223.689 679.421 50.9165 10.1742 disadvantages

72.2164 690.361 7.5942 10.1742 of
82.0897 690.361 56.2041 10.1742 semantic-based
140.573 690.361 41.0067 10.1742 approaches
183.858 690.361 9.1166 10.1742 on
195.254 690.361 17.2122 10.1742 page
214.746 690.361 11.3958 10.1742 14.

296.486 132.557 13.6750 10.0283 2.3.
314.720 132.557 19.2361 10.0283 Deep
338.341 132.557 33.4308 10.0283 Learning
376.148 132.557 13.6750 10.0283 and
394.208 132.557 25.1893 10.0283 Neural
423.773 132.557 30.8963 10.0283 Network
459.054 132.557 22.2811 10.0283 Based
485.712 132.557 13.1644 10.0283 Ap-

314.720 143.497 25.2805 10.0283 proach

305.603 155.212 19.2361 10.1742 Deep
328.304 155.212 32.9111 10.1742 Learning
364.679 155.212 6.0808 10.1742 is
374.224 155.212 4.0478 10.1742 a
381.727 155.212 14.1764 10.1742 part
399.368 155.212 7.5942 10.1742 of
410.427 155.212 30.8872 10.1742 machine
444.778 155.212 29.8753 10.1742 learning
478.118 155.212 20.7586 10.1742 based

296.486 166.152 30.8963 10.1742 methods
330.136 166.152 13.1644 10.1742 and
346.063 166.152 30.2126 10.1742 involves
379.029 166.152 28.3619 10.1742 training
410.144 166.152 13.1644 10.1742 and
426.070 166.152 29.8753 10.1742 learning
458.699 166.152 17.4675 10.1742 data.
480.424 166.152 5.5703 10.1742 It
488.747 166.152 10.1286 10.1742 in-

296.486 177.092 23.4845 10.1742 volves
323.408 177.092 30.3949 10.1742 multiple
357.249 177.092 21.7706 10.1742 layers
382.456 177.092 7.5942 10.1742 of
393.497 177.092 37.4694 10.1742 non-linear
434.403 177.092 38.9919 10.1742 processing
476.841 177.092 7.0928 10.1742 to
487.371 177.092 11.5052 10.1742 ex-

296.486 188.032 16.2003 10.1742 tract
315.878 188.032 11.1405 10.1742 the
330.218 188.032 28.8542 10.1742 features
362.263 188.032 17.7228 10.1742 from
383.186 188.032 11.1405 10.1742 the
397.517 188.032 15.8174 10.1742 text.
418.914 188.032 32.9111 10.1742 Learning
455.016 188.032 12.6539 10.1742 can
470.870 188.032 8.6061 10.1742 be
482.667 188.032 16.2094 10.1742 both

296.486 198.972 38.9919 10.1742 supervised
338.760 198.972 7.5942 10.1742 or
349.646 198.972 50.3877 10.1742 unsupervised.
405.877 198.972 18.5980 10.1742 They
427.757 198.972 11.1314 10.1742 are
442.170 198.972 20.7586 10.1742 based
466.220 198.972 9.1166 10.1742 on
478.619 198.972 20.2572 10.1742 artiﬁ-

296.486 209.912 13.1644 10.1742 cial
312.204 209.912 22.7825 10.1742 neural
337.539 209.912 35.6096 10.1742 networks.
376.786 209.912 19.2361 10.1742 Deep
398.575 209.912 32.9111 10.1742 Learning
434.029 209.912 12.1525 10.1742 has
448.734 209.912 17.2122 10.1742 been
468.499 209.912 30.3767 10.1742 success-

296.486 220.852 17.2213 10.1742 fully
316.388 220.852 26.8394 10.1742 applied
345.908 220.852 7.0928 10.1742 to
355.690 220.852 26.6115 10.1742 various
384.982 220.852 17.2213 10.1742 NLP
404.883 220.852 20.5125 10.1742 tasks.
429.435 220.852 21.7797 10.1742 (Buys
453.894 220.852 7.0928 10.1742 &
463.668 220.852 35.2085 10.1742 Blunsom,

296.486 231.792 21.2691 10.1742 2017)
321.092 231.792 27.6234 10.1742 showed
352.062 231.792 13.6750 10.1742 that
369.073 231.792 25.8183 10.1742 parsers
398.228 231.792 20.7586 10.1742 based
422.324 231.792 9.1166 10.1742 on
434.786 231.792 35.9469 10.1742 Recurrent
474.070 231.792 24.8064 10.1742 Neural

296.486 242.732 60.6713 10.1742 Networks(RNN)
359.291 242.732 16.8932 10.1742 have
378.317 242.732 32.0359 10.1742 achieved
412.487 242.732 16.7108 10.1742 state
431.331 242.732 7.5942 10.1742 of
441.058 242.732 9.6181 10.1742 art
452.810 242.732 46.0664 10.1742 performance

296.486 253.672 7.0928 10.1742 in
305.877 253.672 43.4044 10.1742 dependency
351.587 253.672 13.1644 10.1742 and
367.049 253.672 49.6402 10.1742 constitutional
418.987 253.672 29.1186 10.1742 parsing.
450.995 253.672 19.2452 10.1742 RNN
472.538 253.672 26.3380 10.1742 models

296.486 264.612 15.6989 10.1742 help
314.793 264.612 25.3169 10.1742 predict
342.726 264.612 31.2610 10.1742 complex
376.594 264.612 31.3977 10.1742 relations
410.600 264.612 22.2811 10.1742 which
435.497 264.612 24.3141 10.1742 simple
462.419 264.612 36.4575 10.1742 structured

296.486 275.552 7.5942 10.1742 or
306.360 275.552 56.2041 10.1742 semantic-based
364.843 275.552 41.0067 10.1742 approaches
408.129 275.552 24.3050 10.1742 cannot
434.713 275.552 9.1166 10.1742 do
446.109 275.552 22.0258 10.1742 alone.

296.486 295.745 20.5125 10.0283 2.3.1.
321.557 295.745 45.1730 10.0283 Introduction
369.009 295.745 7.0928 10.0283 to
378.381 295.745 65.1293 10.0283 Encoder-Decoder
445.790 295.745 23.2930 10.0283 Model

305.603 307.461 30.3767 10.1742 Encoder
339.536 307.461 13.1644 10.1742 and
356.256 307.461 28.8542 10.1742 decoder
388.665 307.461 11.1314 10.1742 are
403.361 307.461 11.1405 10.1742 the
418.057 307.461 36.7492 10.1742 individual
458.362 307.461 22.7825 10.1742 neural
484.700 307.461 14.1764 10.1742 net-

296.486 318.401 24.4691 10.1742 works,
325.268 318.401 13.1644 10.1742 and
342.343 318.401 18.6435 10.1742 work
364.898 318.401 29.8753 10.1742 together
398.684 318.401 7.5942 10.1742 as
410.189 318.401 4.0478 10.1742 a
418.139 318.401 35.9561 10.1742 combined
458.006 318.401 22.7825 10.1742 neural
484.700 318.401 14.1764 10.1742 net-

296.486 329.341 20.9227 10.1742 work.
325.587 329.341 36.4575 10.1742 Encoder’s
366.110 329.341 14.6869 10.1742 task
384.863 329.341 6.0808 10.1742 is
395.010 329.341 7.0928 10.1742 to
406.169 329.341 40.0039 10.1742 understand
450.230 329.341 11.1405 10.1742 the
465.436 329.341 18.7438 10.1742 input
488.246 329.341 10.6300 10.1742 se-

296.486 340.280 29.3647 10.1742 quences
329.753 340.280 20.2572 10.1742 while
353.921 340.280 11.1405 10.1742 the
368.964 340.280 34.9350 10.1742 decoder’s
407.801 340.280 14.6869 10.1742 task
426.390 340.280 6.0808 10.1742 is
436.381 340.280 7.0928 10.1742 to
447.376 340.280 36.4575 10.1742 determine
487.735 340.280 11.1405 10.1742 the

296.486 351.220 36.9589 10.1742 sequences
337.037 351.220 13.1644 10.1742 and
353.794 351.220 15.3342 10.1742 give
372.720 351.220 11.1405 10.1742 the
387.452 351.220 25.5813 10.1742 output.
419.789 351.220 30.3767 10.1742 Encoder
453.758 351.220 30.3858 10.1742 converts
487.735 351.220 11.1405 10.1742 the

296.486 362.161 22.1899 10.1742 words
321.512 362.161 14.1855 10.1742 into
338.523 362.161 11.1405 10.1742 the
352.499 362.161 26.1921 10.1742 vectors
381.517 362.161 51.6458 10.1742 representation
435.998 362.161 22.2811 10.1742 which
461.106 362.161 19.2452 10.1742 helps
483.186 362.161 15.6898 10.1742 cap-

296.486 373.101 14.1764 10.1742 ture
314.036 373.101 11.1405 10.1742 the
328.541 373.101 28.9818 10.1742 context.
363.621 373.101 25.8366 10.1742 Mostly
392.822 373.101 18.6435 10.1742 word
414.839 373.101 40.5144 10.1742 embedding
458.717 373.101 6.0808 10.1742 is
468.171 373.101 16.7108 10.1742 used
488.246 373.101 10.6300 10.1742 for

296.486 384.041 45.0636 10.1742 representing
343.966 384.041 11.1405 10.1742 the
357.522 384.041 22.1899 10.1742 words
382.119 384.041 7.0928 10.1742 in
391.628 384.041 32.4006 10.1742 encoders
426.444 384.041 11.4687 10.1742 but
440.329 384.041 20.1204 10.1742 many
462.856 384.041 16.8932 10.1742 have
482.165 384.041 16.7108 10.1742 used

296.486 394.981 49.0202 10.1742 bag-of-words
348.333 394.981 22.7916 10.1742 model
373.960 394.981 21.7797 10.1742 (Rush
398.566 394.981 6.5822 10.1742 et
407.974 394.981 11.1405 10.1742 al.,
421.950 394.981 21.2691 10.1742 2015)
446.045 394.981 13.9302 10.1742 too.
464.452 394.981 34.4245 10.1742 Decoders

296.486 405.921 15.6989 10.1742 help
314.811 405.921 14.1855 10.1742 ﬁnd
331.631 405.921 11.1405 10.1742 the
345.397 405.921 15.5621 10.1742 next
363.585 405.921 18.6435 10.1742 word
384.854 405.921 7.0928 10.1742 in
394.582 405.921 11.1405 10.1742 the
408.348 405.921 33.9322 10.1742 summary
444.905 405.921 9.1166 10.1742 on
456.648 405.921 11.1405 10.1742 the
470.423 405.921 18.2333 10.1742 basis
491.282 405.921 7.5942 10.1742 of

296.486 416.860 31.1698 10.1742 previous
330.218 416.860 24.4691 10.1742 words.
358.370 416.860 21.7706 10.1742 When
382.703 416.860 16.2094 10.1742 both
401.483 416.860 11.1405 10.1742 the
415.185 416.860 18.7438 10.1742 input
436.491 416.860 13.1644 10.1742 and
452.217 416.860 23.3022 10.1742 output
478.090 416.860 11.1314 10.1742 are
491.783 416.860 7.0928 10.1742 in

296.486 427.801 11.1405 10.1742 the
309.715 427.801 17.7228 10.1742 form
329.516 427.801 7.5942 10.1742 of
339.198 427.801 33.4125 10.1742 sequence
374.689 427.801 13.5838 10.1742 like
390.361 427.801 7.0928 10.1742 in
399.541 427.801 11.1405 10.1742 the
412.760 427.801 15.6898 10.1742 case
430.538 427.801 7.5942 10.1742 of
440.210 427.801 13.5382 10.1742 text
455.836 427.801 43.0397 10.1742 summariza-

296.486 438.741 16.4647 10.1742 tion,
316.087 438.741 11.1405 10.1742 the
330.191 438.741 29.8753 10.1742 learning
363.029 438.741 33.9322 10.1742 problems
399.924 438.741 11.1314 10.1742 are
414.027 438.741 14.6869 10.1742 also
431.677 438.741 21.7706 10.1742 called
456.411 438.741 7.5942 10.1742 as
466.968 438.741 31.9083 10.1742 Seq2Seq

296.486 449.681 29.8753 10.1742 learning
328.431 449.681 36.2113 10.1742 problems.
367.405 449.681 64.1083 10.1742 Encoder-Decoder
433.583 449.681 26.3380 10.1742 models
461.999 449.681 15.6989 10.1742 help
479.768 449.681 19.1085 10.1742 solve

296.486 460.621 18.7347 10.1742 these
318.704 460.621 36.2113 10.1742 problems.
361.360 460.621 34.4427 10.1742 Attention
399.286 460.621 41.5263 10.1742 mechanism
444.295 460.621 6.0808 10.1742 is
453.858 460.621 24.8246 10.1742 mostly
482.165 460.621 16.7108 10.1742 used

296.486 471.561 7.0928 10.1742 in
306.396 471.561 33.4125 10.1742 sequence
342.626 471.561 26.3380 10.1742 models
371.781 471.561 22.2720 10.1742 where
396.879 471.561 11.1405 10.1742 the
410.837 471.561 43.0488 10.1742 information
456.702 471.561 6.0808 10.1742 is
465.600 471.561 33.2758 10.1742 extracted

296.486 482.501 17.7228 10.1742 from
315.969 482.501 11.1405 10.1742 the
328.860 482.501 28.8542 10.1742 encoder
359.473 482.501 9.1166 10.1742 on
370.340 482.501 11.1405 10.1742 the
383.240 482.501 18.2333 10.1742 basis
403.233 482.501 7.5942 10.1742 of
412.578 482.501 31.9083 10.1742 attention
446.246 482.501 22.7825 10.1742 scores
470.779 482.501 13.1644 10.1742 and
485.702 482.501 13.1736 10.1742 this

296.486 493.441 43.0488 10.1742 information
342.544 493.441 6.0808 10.1742 is
351.633 493.441 16.7108 10.1742 used
371.361 493.441 9.1166 10.1742 by
383.487 493.441 30.6319 10.1742 decoder.
419.142 493.441 34.4427 10.1742 Attention
456.593 493.441 19.2452 10.1742 helps
478.847 493.441 20.0293 10.1742 know

296.486 504.381 17.7228 10.1742 what
317.017 504.381 14.1764 10.1742 part
334.011 504.381 7.5942 10.1742 of
344.413 504.381 43.0488 10.1742 information
390.269 504.381 9.1166 10.1742 do
402.203 504.381 10.6300 10.1742 we
415.641 504.381 17.2122 10.1742 need
435.670 504.381 7.0928 10.1742 to
445.571 504.381 19.7467 10.1742 focus
468.126 504.381 6.5822 10.1742 at
477.525 504.381 4.0478 10.1742 a
484.381 504.381 14.4955 10.1742 par-

296.486 515.321 23.2930 10.1742 ticular
322.059 515.321 43.3041 10.1742 time-stamp.

305.603 526.261 15.4710 10.1742 Few
326.718 526.261 31.9083 10.1742 common
364.260 526.261 33.3305 10.1742 networks
403.234 526.261 16.7108 10.1742 used
425.579 526.261 7.0928 10.1742 in
438.314 526.261 60.5619 10.1742 encoder-decoder

296.486 537.201 26.3380 10.1742 models
325.322 537.201 7.0928 10.1742 to
334.922 537.201 19.1085 10.1742 solve
356.529 537.201 11.1405 10.1742 the
370.167 537.201 39.1287 10.1742 abstractive
411.803 537.201 54.1894 10.1742 summarization
468.490 537.201 30.3858 10.1742 problem

296.486 548.142 16.7017 10.1742 are:-

305.631 564.235 4.5310 16.5011 •
314.720 563.943 51.6276 10.1742 Convolutional
370.267 563.943 24.8064 10.1742 Neural
398.985 563.943 63.2057 10.1742 Networks(CNN):
466.111 563.943 17.7136 10.1742 Here
487.735 563.943 11.1405 10.1742 the

314.720 574.883 18.7438 10.1742 input
336.536 574.883 14.1764 10.1742 size
353.784 574.883 6.0808 10.1742 is
362.928 574.883 25.1346 10.1742 always
391.135 574.883 20.3757 10.1742 ﬁxed.
416.717 574.883 18.2242 10.1742 Each
438.013 574.883 18.7438 10.1742 input
459.820 574.883 7.5942 10.1742 of
470.487 574.883 11.1405 10.1742 the
484.699 574.883 14.1764 10.1742 net-

314.720 585.823 18.6435 10.1742 work
335.642 585.823 6.0808 10.1742 is
344.002 585.823 44.5622 10.1742 independent
390.844 585.823 7.5942 10.1742 of
400.717 585.823 31.1698 10.1742 previous
434.166 585.823 13.1644 10.1742 and
449.609 585.823 21.7706 10.1742 future
473.659 585.823 24.5694 10.1742 inputs.

305.631 603.133 4.5310 16.5011 •
314.720 602.841 35.9469 10.1742 Recurrent
353.356 602.841 24.8064 10.1742 Neural
380.852 602.841 63.2057 10.1742 Networks(RNN):
446.747 602.841 7.5942 10.1742 In
457.030 602.841 17.7319 10.1742 most
477.452 602.841 7.5942 10.1742 of
487.735 602.841 11.1405 10.1742 the

314.720 613.782 31.3886 10.1742 practical
350.913 613.782 46.3399 10.1742 applications,
402.677 613.782 18.7438 10.1742 input
426.225 613.782 14.1764 10.1742 size
445.206 613.782 6.0808 10.1742 is
456.082 613.782 26.3380 10.1742 usually
487.225 613.782 11.6511 10.1742 not

314.720 624.722 20.3757 10.1742 ﬁxed.
339.015 624.722 19.5005 10.1742 Also,
361.251 624.722 11.1405 10.1742 the
375.035 624.722 22.2902 10.1742 inputs
399.969 624.722 11.1314 10.1742 are
413.745 624.722 11.6511 10.1742 not
428.039 624.722 46.8413 10.1742 independent,
477.616 624.722 21.2600 10.1742 rather

314.720 635.661 26.3289 10.1742 depend
344.495 635.661 9.1166 10.1742 on
357.066 635.661 16.7017 10.1742 each
377.214 635.661 20.5125 10.1742 other.
404.063 635.661 37.5879 10.1742 Moreover,
445.388 635.661 11.1405 10.1742 the
459.984 635.661 27.8514 10.1742 number
491.282 635.661 7.5942 10.1742 of

314.720 646.601 40.5144 10.1742 predictions
359.455 646.601 30.3767 10.1742 required
394.062 646.601 7.5942 10.1742 as
405.877 646.601 23.3022 10.1742 output
433.409 646.601 6.0808 10.1742 is
443.711 646.601 14.6869 10.1742 also
462.628 646.601 11.6511 10.1742 not
478.500 646.601 20.3757 10.1742 ﬁxed.

314.720 657.541 21.7706 10.1742 These
339.945 657.541 11.1314 10.1742 are
354.523 657.541 14.6869 10.1742 also
372.665 657.541 21.7706 10.1742 called
397.891 657.541 7.5942 10.1742 as
408.940 657.541 33.4125 10.1742 sequence
445.799 657.541 29.8753 10.1742 learning
479.129 657.541 19.7467 10.1742 prob-

314.720 668.481 19.5005 10.1742 lems.
337.484 668.481 35.9469 10.1742 Recurrent
375.856 668.481 43.5502 10.1742 connections
421.840 668.481 11.1314 10.1742 are
435.397 668.481 21.7706 10.1742 added
459.592 668.481 7.0928 10.1742 to
469.110 668.481 11.1405 10.1742 the
482.676 668.481 16.2003 10.1742 neu-

314.720 679.422 9.6181 10.1742 ral
327.392 679.422 33.3305 10.1742 networks
363.767 679.422 22.2811 10.1742 which
389.102 679.422 19.2452 10.1742 helps
411.402 679.422 26.8303 10.1742 capture
441.277 679.422 11.1405 10.1742 the
455.471 679.422 43.4044 10.1742 dependency

314.720 690.362 7.5942 10.1742 of
324.593 690.362 22.2902 10.1742 inputs
349.162 690.362 16.2094 10.1742 with
367.651 690.362 31.1698 10.1742 previous
401.100 690.362 7.5942 10.1742 or
410.973 690.362 21.7706 10.1742 future
435.023 690.362 24.5694 10.1742 inputs.

283.267 706.771 4.5583 10.1742 8

210.051 21.8897 72.3402 12.7684 ACCEPTED
285.891 21.8897 90.2327 12.7684 MANUSCRIPT

54.9470 623.773 45.6014 26.4027 A
79.5679 599.382 45.6014 24.3914 C
102.313 574.991 45.6014 24.3914 C
125.058 552.647 45.6014 22.3435 E
145.894 532.315 45.6014 20.3323 P
164.854 509.971 45.6014 22.3435 T
185.689 487.628 45.6014 22.3435 E
206.525 461.225 45.6014 26.4027 D

239.671 419.573 45.6014 32.5097 M

269.987 393.171 45.6014 26.4027 A
294.608 366.768 45.6014 26.4027 N
319.229 340.365 45.6014 26.4027 U
343.850 320.033 45.6014 20.3323 S
362.810 295.642 45.6014 24.3914 C
385.555 271.250 45.6014 24.3914 R
408.300 259.073 45.6014 12.1774 I
419.656 238.741 45.6014 20.3323 P
438.616 216.397 45.6014 22.3435 T

81.3608 132.712 4.5310 16.5011 •
90.4495 132.420 19.2452 10.1742 Long
117.480 132.420 41.9001 10.1742 Short-Term
167.156 132.420 61.7835 10.1742 Memory(LSTM)
236.717 132.420 37.8888 10.1742 Networks:

90.4495 143.360 19.2452 10.1742 RNN
113.724 143.360 19.2361 10.1742 reads
136.990 143.360 11.1405 10.1742 the
152.169 143.360 18.7438 10.1742 input
174.942 143.360 17.7228 10.1742 from
196.694 143.360 12.1525 10.1742 left
212.876 143.360 7.0928 10.1742 to
224.008 143.360 17.2213 10.1742 right
245.259 143.360 13.1644 10.1742 and
262.453 143.360 12.1525 10.1742 up-

90.4495 154.300 18.7347 10.1742 dates
112.967 154.300 11.1405 10.1742 the
127.900 154.300 16.7108 10.1742 state
148.394 154.300 16.7017 10.1742 after
168.889 154.300 19.8834 10.1742 every
192.555 154.300 20.9227 10.1742 word.
220.826 154.300 15.4527 10.1742 But,
240.445 154.300 19.7467 10.1742 when
263.975 154.300 10.6300 10.1742 we

90.4495 165.240 19.7375 10.1742 reach
113.432 165.240 11.1405 10.1742 the
127.827 165.240 15.4436 10.1742 end,
146.763 165.240 11.1405 10.1742 the
161.149 165.240 43.0488 10.1742 information
207.452 165.240 7.5942 10.1742 of
218.292 165.240 14.1855 10.1742 ﬁrst
235.732 165.240 13.4379 10.1742 few
252.415 165.240 22.1899 10.1742 words

90.4495 176.180 6.0808 10.1742 is
98.9097 176.180 15.4527 10.1742 lost.
117.498 176.180 9.3993 10.1742 To
129.277 176.180 23.7945 10.1742 enable
155.451 176.180 11.1405 10.1742 the
168.980 176.180 38.0711 10.1742 forgetting,
209.458 176.180 31.5345 10.1742 selective
243.372 176.180 15.6898 10.1742 read
261.441 176.180 13.1644 10.1742 and

90.4495 187.120 31.5345 10.1742 selective
125.348 187.120 21.0139 10.1742 write,
149.999 187.120 27.8605 10.1742 LSTMs
181.223 187.120 11.1314 10.1742 are
195.710 187.120 18.9900 10.1742 used.
220.781 187.120 5.5703 10.1742 It
229.715 187.120 30.3858 10.1742 includes
263.465 187.120 11.1405 10.1742 the

90.4495 198.060 18.6891 10.1742 gates
112.256 198.060 7.0928 10.1742 to
122.458 198.060 27.3499 10.1742 support
152.925 198.060 11.1405 10.1742 the
167.184 198.060 23.8856 10.1742 forget,
194.388 198.060 15.6898 10.1742 read
213.196 198.060 13.1644 10.1742 and
229.469 198.060 18.7347 10.1742 write
251.321 198.060 23.2839 10.1742 opera-

90.4495 209.000 20.0110 10.1742 tions.
115.392 209.000 21.7706 10.1742 Gated
140.144 209.000 35.9469 10.1742 Recurrent
179.072 209.000 44.7080 10.1742 Units(GRU)
226.761 209.000 11.1314 10.1742 are
240.874 209.000 14.6869 10.1742 also
258.542 209.000 16.0635 10.1742 very

90.4495 219.940 34.9441 10.1742 popularly
128.775 219.940 16.7108 10.1742 used
148.869 219.940 7.0928 10.1742 in
159.334 219.940 39.1287 10.1742 abstractive
201.845 219.940 54.1894 10.1742 summarization
259.417 219.940 15.1883 10.1742 pro-

90.4495 230.880 17.4675 10.1742 cess.
114.207 230.880 18.8806 10.1742 GRU
136.515 230.880 11.1314 10.1742 are
151.075 230.880 11.1405 10.1742 the
165.652 230.880 28.6354 10.1742 variants
197.725 230.880 7.5942 10.1742 of
208.747 230.880 26.5933 10.1742 LSTM,
238.777 230.880 22.2720 10.1742 where
264.477 230.880 10.1286 10.1742 in-

90.4495 241.820 18.7347 10.1742 stead
112.065 241.820 7.5942 10.1742 of
122.540 241.820 30.7843 10.1742 diﬀerent
156.205 241.820 21.6065 10.1742 forget
180.692 241.820 13.1644 10.1742 and
196.728 241.820 18.7438 10.1742 input
218.353 241.820 20.9683 10.1742 gates,
242.357 241.820 16.2094 10.1742 only
261.438 241.820 13.1644 10.1742 one

90.4495 252.761 15.1428 10.1742 gate
107.871 252.761 6.0808 10.1742 is
116.231 252.761 18.9900 10.1742 used.
138.047 252.761 23.5027 10.1742 Forget
163.829 252.761 15.1428 10.1742 gate
181.251 252.761 6.0808 10.1742 is
189.611 252.761 11.6511 10.1742 not
203.541 252.761 16.7108 10.1742 used
222.531 252.761 35.9925 10.1742 explicitly.

72.2164 273.866 20.5125 10.0283 2.3.2.
97.2871 273.866 24.8064 10.0283 Recent
124.737 273.866 22.4543 10.0283 Works
149.826 273.866 9.1166 10.0283 on
161.586 273.866 41.3896 10.0283 Abstractive
205.611 273.866 55.2104 10.0283 Summarization
263.465 273.866 11.1405 10.0283 us-

97.2870 284.805 11.6511 10.0283 ing
111.217 284.805 19.2361 10.0283 Deep
132.732 284.805 33.4308 10.0283 Learning
168.442 284.805 26.8394 10.0283 Models

81.3334 296.520 28.8633 10.1742 (Baralis
112.083 296.520 6.5822 10.1742 et
120.562 296.520 11.1405 10.1742 al.,
133.590 296.520 21.2691 10.1742 2013)
156.746 296.520 16.7108 10.1742 used
175.353 296.520 22.7825 10.1742 neural
200.023 296.520 33.3305 10.1742 networks
235.249 296.520 10.6300 10.1742 for
247.766 296.520 26.8394 10.1742 parsing

72.2164 307.460 11.1405 10.1742 the
85.7728 307.460 32.4097 10.1742 semantic
120.598 307.460 24.3050 10.1742 graphs
147.319 307.460 10.6300 10.1742 for
160.374 307.460 38.4814 10.1742 generating
201.271 307.460 11.1405 10.1742 the
214.828 307.460 39.1287 10.1742 abstractive
256.372 307.460 18.2333 10.1742 sum-

72.2164 318.401 24.3050 10.1742 maries
99.1287 318.401 9.1166 10.1742 by
110.852 318.401 17.2122 10.1742 deep
130.672 318.401 33.9413 10.1742 linguistic
167.220 318.401 31.6530 10.1742 analysis.
202.675 318.401 18.5980 10.1742 They
223.880 318.401 16.7108 10.1742 used
243.199 318.401 31.4069 10.1742 Minimal

72.2164 329.341 36.9680 10.1742 Recursion
111.171 329.341 62.8046 10.1742 Semantics(MRS)
175.954 329.341 10.6300 10.1742 for
188.572 329.341 32.4097 10.1742 semantic
222.960 329.341 51.6458 10.1742 representation

72.2164 340.280 7.5942 10.1742 of
82.1079 340.280 38.7366 10.1742 grammars.
123.743 340.280 18.5980 10.1742 They
144.639 340.280 37.9708 10.1742 performed
184.907 340.280 56.2224 10.1742 disambiguation
243.436 340.280 9.1166 10.1742 by
254.850 340.280 19.7558 10.1742 using

72.2164 351.220 36.9771 10.1742 maximum
112.311 351.220 27.7602 10.1742 entropy
143.189 351.220 25.0708 10.1742 model.
173.593 351.220 18.5980 10.1742 They
195.309 351.220 37.1048 10.1742 developed
235.522 351.220 13.1736 10.1742 this
251.814 351.220 22.7916 10.1742 model

72.2164 362.160 7.0928 10.1742 to
81.9073 362.160 19.1085 10.1742 solve
103.614 362.160 11.1405 10.1742 the
117.352 362.160 36.4666 10.1742 alignment
156.417 362.160 30.3858 10.1742 problem
189.401 362.160 7.5942 10.1742 of
199.594 362.160 20.7677 10.1742 AMR
222.960 362.160 28.6080 10.1742 Graphs.
255.351 362.160 19.2544 10.1742 MRS

72.2164 373.100 12.6539 10.1742 can
88.4440 373.100 8.6061 10.1742 be
100.614 373.100 16.7108 10.1742 used
120.899 373.100 16.2094 10.1742 both
140.682 373.100 10.6300 10.1742 for
154.877 373.100 26.8394 10.1742 parsing
185.290 373.100 13.1644 10.1742 and
202.028 373.100 11.1405 10.1742 the
216.733 373.100 13.5382 10.1742 text
233.845 373.100 40.7605 10.1742 generation.

72.2164 384.041 16.7108 10.1742 (Niu
92.0906 384.041 6.5822 10.1742 et
101.827 384.041 11.1405 10.1742 al.,
116.131 384.041 21.2691 10.1742 2017)
140.554 384.041 33.4216 10.1742 proposed
177.139 384.041 4.0478 10.1742 a
184.342 384.041 58.2463 10.1742 multi-document
245.751 384.041 28.8542 10.1742 abstrac-

72.2164 394.981 13.3103 10.1742 tive
87.3591 394.981 54.1894 10.1742 summarization
143.390 394.981 33.4125 10.1742 approach
178.635 394.981 9.1166 10.1742 by
189.593 394.981 19.7558 10.1742 using
211.181 394.981 22.2811 10.1742 chunk
235.304 394.981 24.3050 10.1742 graphs
261.441 394.981 13.1644 10.1742 and

72.2164 405.921 22.7825 10.1742 neural
98.5179 405.921 35.6096 10.1742 networks.
140.682 405.921 18.5980 10.1742 They
162.808 405.921 16.7108 10.1742 used
183.038 405.921 4.0478 10.1742 a
190.605 405.921 35.9469 10.1742 Recurrent
230.080 405.921 24.8064 10.1742 Neural
258.405 405.921 16.2003 10.1742 Net-

72.2164 416.860 18.6435 10.1742 work
94.2422 416.860 35.9469 10.1742 Language
133.571 416.860 23.8036 10.1742 Model
160.757 416.860 22.2811 10.1742 which
186.429 416.860 24.3050 10.1742 helped
214.117 416.860 29.9208 10.1742 evaluate
247.420 416.860 11.1405 10.1742 the
261.942 416.860 12.6630 10.1742 lin-

72.2164 427.800 24.3141 10.1742 guistic
99.1378 427.800 25.3261 10.1742 quality
127.071 427.800 7.5942 10.1742 of
137.272 427.800 33.6678 10.1742 sentence,
173.630 427.800 22.2811 10.1742 which
198.518 427.800 24.8064 10.1742 further
225.932 427.800 24.3050 10.1742 helped
252.844 427.800 21.7614 10.1742 create

72.2164 438.741 18.2333 10.1742 good
92.7288 438.741 30.8781 10.1742 readable
125.886 438.741 39.1287 10.1742 abstractive
167.293 438.741 41.7816 10.1742 summaries.

81.3334 449.681 25.8366 10.1742 Simple
110.980 449.681 79.9895 10.1742 sequence-to-sequence
194.790 449.681 22.7916 10.1742 model
221.392 449.681 15.6989 10.1742 map
240.911 449.681 11.1405 10.1742 the
255.862 449.681 18.7438 10.1742 input

72.2164 460.621 33.4125 10.1742 sequence
108.619 460.621 7.0928 10.1742 to
118.702 460.621 11.1405 10.1742 the
132.823 460.621 23.3022 10.1742 output
159.116 460.621 35.6917 10.1742 sequence.
199.758 460.621 28.3619 10.1742 (Jobson
231.110 460.621 7.0928 10.1742 &
241.193 460.621 33.4125 10.1742 Gutirrez)

72.2164 471.561 16.7108 10.1742 used
92.3277 471.561 60.5619 10.1742 encoder-decoder
156.299 471.561 19.2452 10.1742 RNN
178.945 471.561 20.2572 10.1742 along
202.611 471.561 16.2094 10.1742 with
222.221 471.561 24.3141 10.1742 LSTM
249.945 471.561 7.0928 10.1742 to
260.438 471.561 14.1673 10.1742 cre-

72.2164 482.501 10.6300 10.1742 ate
85.4628 482.501 11.1405 10.1742 the
99.2290 482.501 41.7816 10.1742 summaries.
144.857 482.501 18.5980 10.1742 They
166.072 482.501 16.7108 10.1742 used
185.399 482.501 11.1405 10.1742 the
199.165 482.501 62.1938 10.1742 word-embedding
263.975 482.501 10.6300 10.1742 for

72.2164 493.440 11.1405 10.1742 the
86.0098 493.440 28.3619 10.1742 training
117.024 493.440 28.8633 10.1742 purpose
148.540 493.440 13.1644 10.1742 and
164.358 493.440 31.9083 10.1742 attention
198.919 493.440 30.3858 10.1742 function
231.958 493.440 10.6300 10.1742 for
245.241 493.440 29.3647 10.1742 creating

72.2164 504.381 11.1405 10.1742 the
86.5660 504.381 26.7027 10.1742 context
116.468 504.381 22.6458 10.1742 vector
142.323 504.381 6.5822 10.1742 at
152.114 504.381 16.7017 10.1742 each
172.025 504.381 16.2094 10.1742 time
191.434 504.381 16.9661 10.1742 step.
214.016 504.381 36.4575 10.1742 (Nallapati
253.674 504.381 6.5822 10.1742 et
263.465 504.381 11.1405 10.1742 al.,

72.2164 515.321 21.2691 10.1742 2016)
97.4512 515.321 16.7108 10.1742 used
118.127 515.321 11.1405 10.1742 the
133.234 515.321 31.9083 10.1742 attention
169.108 515.321 22.7916 10.1742 model
195.856 515.321 20.2572 10.1742 along
220.079 515.321 16.2094 10.1742 with
240.254 515.321 11.1405 10.1742 the
255.360 515.321 19.2452 10.1742 RNN

72.2164 526.261 7.0928 10.1742 to
82.0714 526.261 24.3050 10.1742 handle
109.138 526.261 11.1405 10.1742 the
123.041 526.261 21.7797 10.1742 issues
147.592 526.261 7.5942 10.1742 of
157.949 526.261 34.4427 10.1742 modeling
195.154 526.261 35.1264 10.1742 keywords
233.043 526.261 13.1644 10.1742 and
248.969 526.261 25.6360 10.1742 captur-

72.2164 537.201 11.6511 10.1742 ing
87.3226 537.201 7.5942 10.1742 of
98.3629 537.201 11.1405 10.1742 the
112.958 537.201 43.0306 10.1742 hierarchical
159.444 537.201 31.8992 10.1742 structure
194.798 537.201 30.3767 10.1742 between
228.621 537.201 11.1405 10.1742 the
243.217 537.201 31.3886 10.1742 sentence

72.2164 548.141 13.1644 10.1742 and
89.2371 548.141 20.9227 10.1742 word.
117.717 548.141 18.5980 10.1742 They
140.181 548.141 16.7108 10.1742 used
160.748 548.141 11.1405 10.1742 the
175.745 548.141 46.0847 10.1742 bidirectional
225.686 548.141 28.8542 10.1742 encoder
258.396 548.141 16.2094 10.1742 with

72.2164 559.081 46.2214 10.1742 GRU(Gatted
120.206 559.081 35.9469 10.1742 Recurrent
157.912 559.081 18.4886 10.1742 Unit,
178.270 559.081 16.7108 10.1742 used
196.740 559.081 7.0928 10.1742 to
205.602 559.081 19.1085 10.1742 solve
226.479 559.081 11.1405 10.1742 the
239.379 559.081 35.2267 10.1742 vanishing

72.2164 570.021 13.1644 10.1742 and
88.9181 570.021 36.3298 10.1742 exploding
128.785 570.021 29.8753 10.1742 gradient
162.206 570.021 59.2491 10.1742 problems)-RNN
224.993 570.021 13.1644 10.1742 and
241.694 570.021 32.9111 10.1742 unidirec-

72.2164 580.961 20.7677 10.1742 tional
95.0900 580.961 28.8542 10.1742 decoder
126.059 580.961 16.2094 10.1742 with
144.374 580.961 43.4408 10.1742 GRU-RNN.
189.921 580.961 18.5980 10.1742 They
210.625 580.961 16.7108 10.1742 used
229.451 580.961 11.1405 10.1742 the
242.697 580.961 31.9083 10.1742 attention

72.2164 591.901 22.7916 10.1742 model
97.3965 591.901 9.1166 10.1742 on
108.892 591.901 11.1405 10.1742 the
122.421 591.901 48.1086 10.1742 hidden-states
172.918 591.901 7.5942 10.1742 of
182.892 591.901 23.7945 10.1742 source
209.075 591.901 13.1644 10.1742 and
224.619 591.901 29.3738 10.1742 softmax
256.381 591.901 18.2242 10.1742 layer

72.2164 602.841 9.1166 10.1742 on
83.8036 602.841 11.1405 10.1742 the
97.4148 602.841 22.8737 10.1742 target.
123.679 602.841 21.7797 10.1742 (Rush
147.930 602.841 6.5822 10.1742 et
156.983 602.841 11.1405 10.1742 al.,
170.594 602.841 21.2691 10.1742 2015)
194.324 602.841 16.7108 10.1742 used
213.506 602.841 11.1405 10.1742 the
227.117 602.841 47.4886 10.1742 feed-forward

72.2164 613.781 22.7825 10.1742 neural
97.8980 613.781 29.7841 10.1742 network
130.572 613.781 7.0928 10.1742 to
140.563 613.781 18.6435 10.1742 work
162.106 613.781 9.1166 10.1742 on
174.122 613.781 51.7826 10.1742 sentence-level
228.794 613.781 13.5382 10.1742 text
245.232 613.781 29.3738 10.1742 summa-

72.2164 624.721 30.1305 10.1742 rization.
110.369 624.721 18.5980 10.1742 They
132.987 624.721 16.7108 10.1742 used
153.710 624.721 11.1405 10.1742 the
168.861 624.721 55.7027 10.1742 attention-based
228.576 624.721 28.8542 10.1742 encoder
261.441 624.721 13.1644 10.1742 and

72.2164 635.661 46.0664 10.1742 beam-search
121.263 635.661 20.7586 10.1742 based
145.012 635.661 28.8542 10.1742 decoder
176.848 635.661 10.6300 10.1742 for
190.468 635.661 51.7826 10.1742 sentence-level
245.232 635.661 29.3738 10.1742 summa-

72.2164 646.601 30.1305 10.1742 rization.
105.091 646.601 29.8753 10.1742 (Chopra
137.008 646.601 6.5822 10.1742 et
145.623 646.601 11.1405 10.1742 al.,
158.806 646.601 21.2691 10.1742 2016)
182.117 646.601 16.7108 10.1742 used
200.861 646.601 11.1405 10.1742 the
214.044 646.601 60.5619 10.1742 encoder-decoder

72.2164 657.541 22.7916 10.1742 model
99.3019 657.541 20.2572 10.1742 along
123.862 657.541 16.2094 10.1742 with
144.365 657.541 11.1405 10.1742 the
159.809 657.541 41.0249 10.1742 conditional
205.128 657.541 19.2452 10.1742 RNN
228.667 657.541 7.0928 10.1742 to
240.063 657.541 19.1085 10.1742 solve
263.465 657.541 11.1405 10.1742 the

72.2164 668.481 30.3858 10.1742 problem
104.954 668.481 25.3261 10.1742 similar
132.623 668.481 7.0928 10.1742 to
142.068 668.481 21.7797 10.1742 (Rush
166.199 668.481 6.5822 10.1742 et
175.134 668.481 11.1405 10.1742 al.,
188.617 668.481 23.5483 10.1742 2015).
215.211 668.481 36.9771 10.1742 (Rossiello
254.531 668.481 6.5822 10.1742 et
263.465 668.481 11.1405 10.1742 al.,

72.2164 679.421 21.2691 10.1742 2016)
97.0228 679.421 16.7108 10.1742 used
117.270 679.421 11.1405 10.1742 the
131.939 679.421 22.7825 10.1742 neural
158.259 679.421 33.3305 10.1742 networks
195.127 679.421 20.2572 10.1742 along
218.921 679.421 16.2094 10.1742 with
238.659 679.421 19.2452 10.1742 RNN
261.441 679.421 13.1644 10.1742 and

72.2164 690.362 45.5832 10.1742 probabilistic
121.683 690.362 26.3380 10.1742 models
151.905 690.362 7.0928 10.1742 to
162.890 690.362 21.7614 10.1742 create
188.535 690.362 11.1405 10.1742 the
203.559 690.362 52.6669 10.1742 grammatically
260.110 690.362 14.4955 10.1742 cor-

296.486 132.420 13.6659 10.1742 rect
312.605 132.420 39.1287 10.1742 abstractive
354.186 132.420 41.7816 10.1742 summaries.
399.304 132.420 18.5980 10.1742 They
420.354 132.420 16.7108 10.1742 used
439.508 132.420 11.1405 10.1742 the
453.101 132.420 17.7228 10.1742 prior
473.276 132.420 25.5995 10.1742 knowl-

296.486 143.360 17.2122 10.1742 edge
315.996 143.360 20.2572 10.1742 along
338.551 143.360 16.2094 10.1742 with
357.057 143.360 11.1405 10.1742 the
370.495 143.360 22.7825 10.1742 neural
395.584 143.360 33.3305 10.1742 networks
431.212 143.360 7.0928 10.1742 to
440.602 143.360 22.7916 10.1742 model
465.691 143.360 11.1405 10.1742 the
479.129 143.360 19.7467 10.1742 prob-

296.486 154.300 15.9541 10.1742 lem.
317.737 154.300 15.6989 10.1742 (Liy
336.536 154.300 6.5822 10.1742 et
346.218 154.300 11.1405 10.1742 al.,
360.458 154.300 21.2691 10.1742 2017)
384.836 154.300 16.7108 10.1742 used
404.646 154.300 11.1405 10.1742 the
418.887 154.300 79.9895 10.1742 sequence-to-sequence

296.486 165.240 60.5619 10.1742 encoder-decoder
359.145 165.240 22.7916 10.1742 model
384.024 165.240 7.0928 10.1742 to
393.214 165.240 30.8781 10.1742 generate
426.189 165.240 11.1405 10.1742 the
439.417 165.240 39.1287 10.1742 abstractive
480.643 165.240 18.2333 10.1742 sum-

296.486 176.181 26.5841 10.1742 maries.
327.301 176.181 18.5980 10.1742 They
348.643 176.181 39.4933 10.1742 considered
390.880 176.181 11.1405 10.1742 the
404.774 176.181 20.2572 10.1742 latent
427.775 176.181 36.4575 10.1742 structured
466.977 176.181 31.8992 10.1742 informa-

296.486 187.120 14.1855 10.1742 tion
314.328 187.120 7.5942 10.1742 of
325.578 187.120 11.1405 10.1742 the
340.365 187.120 13.5382 10.1742 text
357.559 187.120 7.0928 10.1742 to
368.307 187.120 30.1123 10.1742 improve
402.075 187.120 11.1405 10.1742 the
416.863 187.120 25.3261 10.1742 quality
445.844 187.120 7.5942 10.1742 of
457.094 187.120 41.7816 10.1742 summaries.

296.486 198.060 18.5980 10.1742 They
317.737 198.060 16.7108 10.1742 used
337.110 198.060 11.1405 10.1742 the
350.904 198.060 32.9020 10.1742 recurrent
386.468 198.060 37.6062 10.1742 generative
426.727 198.060 28.8542 10.1742 decoder
458.243 198.060 7.0928 10.1742 to
467.989 198.060 30.8872 10.1742 translate

296.486 209.000 11.1405 10.1742 the
309.633 209.000 23.7945 10.1742 source
335.442 209.000 17.2122 10.1742 code
354.660 209.000 14.1855 10.1742 into
370.860 209.000 24.8155 10.1742 hidden
397.681 209.000 20.2572 10.1742 states
419.944 209.000 13.1644 10.1742 and
435.123 209.000 15.6989 10.1742 then
452.828 209.000 17.2122 10.1742 back
472.055 209.000 7.0928 10.1742 to
481.153 209.000 17.7228 10.1742 orig-

296.486 219.940 13.6750 10.1742 inal
312.441 219.940 58.6383 10.1742 word-sequences
373.358 219.940 7.0928 10.1742 to
382.730 219.940 30.8781 10.1742 generate
415.887 219.940 11.1405 10.1742 the
429.307 219.940 35.6187 10.1742 summary.

305.603 230.881 21.7797 10.1742 (Song
330.209 230.881 6.5822 10.1742 et
339.618 230.881 11.1405 10.1742 al.,
353.593 230.881 25.8275 10.1742 2018b)
382.247 230.881 33.4216 10.1742 proposed
418.495 230.881 4.0478 10.1742 a
425.369 230.881 17.2122 10.1742 deep
445.416 230.881 29.8753 10.1742 learning
478.118 230.881 20.7586 10.1742 based

296.486 241.821 33.4125 10.1742 approach
334.494 241.821 21.7706 10.1742 called
360.850 241.821 19.2452 10.1742 Long
384.690 241.821 41.9001 10.1742 Short-Term
431.176 241.821 31.3977 10.1742 Memory
467.168 241.821 31.7077 10.1742 encoder-

296.486 252.761 28.8542 10.1742 decoder
328.003 252.761 22.7916 10.1742 model
353.465 252.761 22.2720 10.1742 where
378.400 252.761 25.8275 10.1742 instead
406.889 252.761 7.5942 10.1742 of
417.154 252.761 24.4691 10.1742 words,
444.377 252.761 15.5621 10.1742 they
462.610 252.761 16.8932 10.1742 have
482.165 252.761 16.7108 10.1742 used

296.486 263.700 27.3408 10.1742 phrases
326.498 263.700 7.5942 10.1742 as
336.764 263.700 18.7438 10.1742 input
358.179 263.700 7.0928 10.1742 to
367.934 263.700 30.8781 10.1742 generate
401.483 263.700 11.1405 10.1742 the
415.295 263.700 39.1287 10.1742 abstractive
457.094 263.700 41.7816 10.1742 summaries.

296.486 274.640 16.5741 10.1742 (Fan
316.889 274.640 6.5822 10.1742 et
327.310 274.640 11.1405 10.1742 al.,
342.279 274.640 21.2691 10.1742 2018)
367.387 274.640 26.3198 10.1742 created
397.535 274.640 4.0478 10.1742 a
405.421 274.640 46.0755 10.1742 personalized
455.326 274.640 43.5502 10.1742 controllable

296.486 285.580 39.1287 10.1742 abstractive
337.949 285.580 54.1894 10.1742 summarization
394.472 285.580 33.4125 10.1742 approach
430.209 285.580 19.7558 10.1742 using
452.299 285.580 46.5770 10.1742 sequence-to-

296.486 296.521 33.4125 10.1742 sequence
332.707 296.521 60.5619 10.1742 encoder-decoder
396.077 296.521 20.7586 10.1742 based
419.634 296.521 51.6276 10.1742 Convolutional
474.070 296.521 24.8064 10.1742 Neural

296.486 307.461 35.3544 10.1742 Networks
334.348 307.461 25.0708 10.1742 model.
362.919 307.461 18.5980 10.1742 They
384.024 307.461 26.3198 10.1742 created
412.851 307.461 11.1405 10.1742 the
426.490 307.461 33.9322 10.1742 summary
462.929 307.461 35.9469 10.1742 according

296.486 318.401 7.0928 10.1742 to
307.043 318.401 11.1405 10.1742 the
321.657 318.401 15.1883 10.1742 user
340.310 318.401 42.0095 10.1742 preferences
385.793 318.401 13.5838 10.1742 like
402.841 318.401 22.4543 10.1742 entity,
429.070 318.401 23.2930 10.1742 whose
455.827 318.401 43.0488 10.1742 information

296.486 329.341 15.5621 10.1742 they
315.640 329.341 17.6316 10.1742 want
336.855 329.341 7.0928 10.1742 to
347.540 329.341 21.7159 10.1742 know,
373.176 329.341 11.1405 10.1742 the
387.908 329.341 14.1764 10.1742 size
405.667 329.341 7.5942 10.1742 of
416.854 329.341 35.6187 10.1742 summary,
456.392 329.341 14.1764 10.1742 part
474.152 329.341 7.5942 10.1742 of
485.338 329.341 13.5382 10.1742 text

296.486 340.280 23.2930 10.1742 whose
322.059 340.280 33.9322 10.1742 summary
358.270 340.280 15.5621 10.1742 they
376.111 340.280 17.6316 10.1742 want
396.022 340.280 7.0928 10.1742 to
405.394 340.280 25.0708 10.1742 obtain.

305.603 351.220 18.7438 10.1742 Most
329.197 351.220 7.5942 10.1742 of
341.651 351.220 11.1405 10.1742 the
357.641 351.220 17.2122 10.1742 deep
379.713 351.220 29.8753 10.1742 learning
414.438 351.220 20.7586 10.1742 based
440.056 351.220 26.3380 10.1742 models
471.253 351.220 11.1314 10.1742 are
487.234 351.220 11.6420 10.1742 ap-

296.486 362.161 18.2333 10.1742 plied
317.874 362.161 7.0928 10.1742 to
328.121 362.161 11.1405 10.1742 the
342.416 362.161 60.7716 10.1742 single-document
406.342 362.161 26.8303 10.1742 generic
436.327 362.161 62.5493 10.1742 systems.(Baumel

296.486 373.101 6.5822 10.1742 et
310.389 373.101 11.1405 10.1742 al.,
328.841 373.101 21.2691 10.1742 2018)
357.431 373.101 26.3198 10.1742 created
391.063 373.101 11.1405 10.1742 the
409.524 373.101 58.2463 10.1742 multi-document
475.082 373.101 23.7945 10.1742 query-

296.486 384.041 27.8514 10.1742 speciﬁc
328.723 384.041 39.1287 10.1742 abstractive
372.237 384.041 39.5024 10.1742 summaries
416.124 384.041 19.7558 10.1742 using
440.265 384.041 37.5150 10.1742 Relevance
482.165 384.041 16.7108 10.1742 Sen-

296.486 394.981 19.3911 10.1742 sitive
320.864 394.981 58.2372 10.1742 Attention-based
384.088 394.981 25.0708 10.1742 model.
420.117 394.981 24.8064 10.1742 (Nema
449.910 394.981 6.5822 10.1742 et
461.480 394.981 11.1405 10.1742 al.,
477.607 394.981 21.2691 10.1742 2018)

296.486 405.921 16.7108 10.1742 used
317.336 405.921 11.1405 10.1742 the
332.625 405.921 57.5078 10.1742 diversity-driven
394.272 405.921 31.9083 10.1742 attention
430.319 405.921 22.7916 10.1742 model
457.259 405.921 10.6300 10.1742 for
472.027 405.921 26.8485 10.1742 solving

296.486 416.860 11.1405 10.1742 the
310.353 416.860 18.7347 10.1742 same
331.804 416.860 32.6650 10.1742 problem.
368.626 416.860 24.8064 10.1742 (Nema
396.150 416.860 6.5822 10.1742 et
405.458 416.860 11.1405 10.1742 al.,
419.315 416.860 21.2691 10.1742 2018)
443.310 416.860 16.8932 10.1742 have
462.920 416.860 35.9561 10.1742 attempted

296.486 427.801 7.0928 10.1742 to
306.679 427.801 19.1085 10.1742 solve
328.887 427.801 11.1405 10.1742 the
343.127 427.801 30.3858 10.1742 problem
376.613 427.801 7.5942 10.1742 of
387.306 427.801 30.8781 10.1742 repeated
421.284 427.801 23.7945 10.1742 phrase
448.178 427.801 38.4814 10.1742 generation
489.759 427.801 9.1166 10.1742 by

296.486 438.741 79.9895 10.1742 sequence-to-sequence
379.785 438.741 22.7916 10.1742 model
405.886 438.741 9.1166 10.1742 by
418.303 438.741 19.7558 10.1742 using
441.368 438.741 57.5078 10.1742 diversity-driven

296.486 449.681 31.9083 10.1742 attention
330.646 449.681 25.0708 10.1742 model,
357.969 449.681 22.2811 10.1742 which
382.502 449.681 24.3050 10.1742 helped
409.059 449.681 27.4776 10.1742 achieve
438.779 449.681 4.0478 10.1742 a
445.079 449.681 15.6533 10.1742 gain
462.984 449.681 7.5942 10.1742 of
472.821 449.681 16.7108 10.1742 28%
491.783 449.681 7.0928 10.1742 in

296.486 460.621 39.6392 10.1742 ROUGE-L
338.405 460.621 23.0378 10.1742 Score.

305.603 471.561 18.5980 10.1742 Even
326.444 471.561 25.3261 10.1742 though
354.004 471.561 17.2122 10.1742 deep
373.459 471.561 29.8753 10.1742 learning
405.577 471.561 12.1525 10.1742 has
419.972 471.561 17.2122 10.1742 been
439.418 471.561 26.8394 10.1742 applied
468.500 471.561 30.3767 10.1742 success-

296.486 482.501 17.2213 10.1742 fully
316.625 482.501 13.1644 10.1742 and
332.698 482.501 31.2245 10.1742 emerged
366.840 482.501 7.5942 10.1742 as
377.342 482.501 13.1644 10.1742 one
393.424 482.501 7.5942 10.1742 of
403.926 482.501 11.1405 10.1742 the
417.984 482.501 36.9771 10.1742 promising
457.869 482.501 41.0067 10.1742 approaches

296.486 493.441 7.0928 10.1742 to
305.867 493.441 21.7614 10.1742 create
329.908 493.441 11.1405 10.1742 the
343.337 493.441 39.1287 10.1742 abstractive
384.754 493.441 41.7816 10.1742 summaries.
429.380 493.441 13.1736 10.1742 But
444.833 493.441 11.1405 10.1742 the
458.261 493.441 40.6147 10.1742 availability

296.486 504.381 7.5942 10.1742 of
306.870 504.381 4.0478 10.1742 a
313.699 504.381 18.2333 10.1742 good
334.722 504.381 18.0601 10.1742 large
355.562 504.381 27.8422 10.1742 corpora
386.194 504.381 10.6300 10.1742 for
399.605 504.381 11.1405 10.1742 the
413.535 504.381 28.3619 10.1742 training
444.678 504.381 28.8633 10.1742 purpose
476.331 504.381 6.0808 10.1742 is
485.192 504.381 13.6841 10.1742 still

296.486 515.321 4.0478 10.1742 a
303.014 515.321 37.2142 10.1742 challenge.
343.647 515.321 37.5879 10.1742 Moreover,
383.760 515.321 17.7319 10.1742 most
403.972 515.321 7.5942 10.1742 of
414.036 515.321 11.1405 10.1742 the
427.657 515.321 27.8422 10.1742 corpora
457.979 515.321 11.1314 10.1742 are
471.581 515.321 11.6511 10.1742 old
485.712 515.321 13.1644 10.1742 and

296.486 526.261 15.1975 10.1742 thus
314.218 526.261 9.1166 10.1742 do
325.869 526.261 11.6511 10.1742 not
340.055 526.261 26.8394 10.1742 contain
369.420 526.261 11.1405 10.1742 the
383.095 526.261 28.8633 10.1742 updated
414.492 526.261 55.4566 10.1742 morphological,
472.547 526.261 26.3289 10.1742 seman-

296.486 537.201 9.1166 10.1742 tic
307.818 537.201 13.1644 10.1742 and
323.207 537.201 32.4097 10.1742 syntactic
357.832 537.201 31.1334 10.1742 features.
391.774 537.201 13.6750 10.1742 Not
407.664 537.201 13.1736 10.1742 just
423.053 537.201 15.4527 10.1742 this,
440.739 537.201 11.4687 10.1742 but
454.423 537.201 14.6869 10.1742 also
471.335 537.201 17.7319 10.1742 most
491.282 537.201 7.5942 10.1742 of

296.486 548.142 11.1405 10.1742 the
310.599 548.142 27.8422 10.1742 corpora
341.422 548.142 11.1314 10.1742 are
355.526 548.142 7.0928 10.1742 in
365.600 548.142 27.8605 10.1742 English
396.432 548.142 17.8960 10.1742 only.
419.242 548.142 37.4694 10.1742 (Modaresi
459.693 548.142 7.0928 10.1742 &
469.757 548.142 29.1186 10.1742 Conrad,

296.486 559.081 21.2691 10.1742 2016)
320.026 559.081 16.8932 10.1742 have
339.189 559.081 26.3198 10.1742 created
367.788 559.081 8.6061 10.1742 an
378.664 559.081 33.4125 10.1742 approach
414.346 559.081 7.0928 10.1742 to
423.709 559.081 21.7614 10.1742 create
447.750 559.081 4.0478 10.1742 a
454.068 559.081 21.7797 10.1742 single
478.117 559.081 20.7586 10.1742 docu-

296.486 570.021 18.2333 10.1742 ment
317.227 570.021 24.3050 10.1742 corpus
344.039 570.021 7.0928 10.1742 to
353.639 570.021 27.3408 10.1742 address
383.487 570.021 11.1405 10.1742 the
397.134 570.021 63.0234 10.1742 above-mentioned
462.665 570.021 36.2113 10.1742 problems.

296.486 580.961 15.6989 10.1742 (Lin
315.376 580.961 6.5822 10.1742 et
325.140 580.961 11.1405 10.1742 al.,
339.471 580.961 21.2691 10.1742 2018)
363.922 580.961 16.7108 10.1742 used
383.824 580.961 11.1405 10.1742 the
398.146 580.961 31.9083 10.1742 Seq2Seq
433.245 580.961 22.7916 10.1742 model
459.219 580.961 20.2572 10.1742 along
482.667 580.961 16.2094 10.1742 with

296.486 591.901 11.1405 10.1742 the
310.599 591.901 31.9083 10.1742 attention
345.479 591.901 41.5263 10.1742 mechanism
389.978 591.901 7.0928 10.1742 to
400.042 591.901 19.1085 10.1742 solve
422.114 591.901 11.1405 10.1742 the
436.226 591.901 30.3858 10.1742 problem
469.584 591.901 7.5942 10.1742 of
480.150 591.901 18.7256 10.1742 repe-

296.486 602.841 22.8007 10.1742 titions
322.460 602.841 16.2094 10.1742 with
341.842 602.841 11.1405 10.1742 the
356.155 602.841 31.9083 10.1742 Seq2Seq
391.236 602.841 28.6172 10.1742 models.
425.359 602.841 18.5980 10.1742 They
447.130 602.841 16.7108 10.1742 used
467.013 602.841 31.8627 10.1742 convolu-

296.486 613.782 20.7677 10.1742 tional
319.770 613.782 19.7011 10.1742 gated
341.988 613.782 17.7319 10.1742 units
362.236 613.782 20.2572 10.1742 along
385.009 613.782 16.2094 10.1742 with
403.735 613.782 11.1405 10.1742 the
417.391 613.782 22.7916 10.1742 global
442.699 613.782 33.4216 10.1742 encoding
478.637 613.782 6.5822 10.1742 at
487.735 613.782 11.1405 10.1742 the

296.486 624.722 28.8542 10.1742 encoder
328.787 624.722 14.6869 10.1742 side
346.929 624.722 13.1644 10.1742 and
363.539 624.722 50.6430 10.1742 unidirectional
417.638 624.722 24.3141 10.1742 LSTM
445.398 624.722 6.5822 10.1742 at
455.435 624.722 11.1405 10.1742 the
470.022 624.722 28.8542 10.1742 decoder

296.486 635.661 14.6869 10.1742 side
313.452 635.661 7.0928 10.1742 to
322.824 635.661 29.3647 10.1742 perform
354.468 635.661 11.1405 10.1742 the
367.888 635.661 39.1287 10.1742 abstractive
409.296 635.661 56.4685 10.1742 summarization.

296.486 656.311 13.6750 10.0283 2.4.
314.720 656.311 36.8768 10.0283 Discourse
356.811 656.311 13.6750 10.0283 and
375.701 656.311 38.4905 10.0283 Rhetorical
419.406 656.311 33.5949 10.0283 Structure
458.216 656.311 22.2811 10.0283 Based
485.712 656.311 13.1644 10.0283 Ap-

314.720 667.251 25.2805 10.0283 proach

305.603 679.422 36.4575 10.1742 Discourse
346.510 679.422 33.4216 10.1742 Structure
384.380 679.422 19.2452 10.1742 helps
408.065 679.422 26.8303 10.1742 capture
439.345 679.422 11.1405 10.1742 the
454.934 679.422 31.8992 10.1742 structure
491.282 679.422 7.5942 10.1742 of

296.486 690.362 13.5382 10.1742 text
312.659 690.362 13.1644 10.1742 and
328.468 690.362 15.1975 10.1742 thus
346.300 690.362 15.6989 10.1742 help
364.642 690.362 14.1855 10.1742 ﬁnd
381.463 690.362 11.1405 10.1742 the
395.247 690.362 17.7319 10.1742 most
415.614 690.362 35.4546 10.1742 important
453.712 690.362 34.9350 10.1742 sentences
491.282 690.362 7.5942 10.1742 of

283.267 706.772 4.5583 10.1742 9

210.051 21.8897 72.3402 12.7684 ACCEPTED
285.891 21.8897 90.2327 12.7684 MANUSCRIPT

54.9470 623.773 45.6014 26.4027 A
79.5679 599.382 45.6014 24.3914 C
102.313 574.991 45.6014 24.3914 C
125.058 552.647 45.6014 22.3435 E
145.894 532.315 45.6014 20.3323 P
164.854 509.971 45.6014 22.3435 T
185.689 487.628 45.6014 22.3435 E
206.525 461.225 45.6014 26.4027 D

239.671 419.573 45.6014 32.5097 M

269.987 393.171 45.6014 26.4027 A
294.608 366.768 45.6014 26.4027 N
319.229 340.365 45.6014 26.4027 U
343.850 320.033 45.6014 20.3323 S
362.810 295.642 45.6014 24.3914 C
385.555 271.250 45.6014 24.3914 R
408.300 259.073 45.6014 12.1774 I
419.656 238.741 45.6014 20.3323 P
438.616 216.397 45.6014 22.3435 T

72.2164 132.420 11.1405 10.1742 the
86.7209 132.420 13.5382 10.1742 text
103.623 132.420 22.7825 10.1742 (Khan
129.769 132.420 6.5822 10.1742 et
139.716 132.420 11.1405 10.1742 al.,
154.220 132.420 23.5483 10.1742 2018).
183.849 132.420 17.7136 10.1742 Here
204.927 132.420 11.1405 10.1742 the
219.432 132.420 18.2333 10.1742 main
241.029 132.420 13.6750 10.1742 aim
258.068 132.420 6.0808 10.1742 is
267.513 132.420 7.0928 10.1742 to

72.2164 143.360 26.8303 10.1742 capture
101.954 143.360 11.1405 10.1742 the
116.012 143.360 27.8514 10.1742 internal
146.772 143.360 51.6458 10.1742 representation
201.326 143.360 7.5942 10.1742 of
211.828 143.360 11.1405 10.1742 the
225.886 143.360 13.5382 10.1742 text
242.333 143.360 13.1644 10.1742 and
258.405 143.360 16.2003 10.1742 con-

72.2164 154.300 14.0396 10.1742 vert
89.4012 154.300 18.2333 10.1742 them
110.779 154.300 14.1855 10.1742 into
128.119 154.300 11.1405 10.1742 the
142.405 154.300 31.3977 10.1742 relations
176.948 154.300 7.5942 10.1742 of
187.687 154.300 34.4336 10.1742 discourse
225.275 154.300 25.3169 10.1742 (Hpola
253.737 154.300 6.5822 10.1742 et
263.465 154.300 11.1405 10.1742 al.,

72.2164 165.240 23.5483 10.1742 2014).
102.975 165.240 37.9800 10.1742 Rhetorical
144.693 165.240 33.4216 10.1742 Structure
181.853 165.240 26.3289 10.1742 Theory
211.929 165.240 30.3858 10.1742 assumes
246.052 165.240 13.6750 10.1742 that
263.465 165.240 11.1405 10.1742 the

72.2164 176.180 39.5024 10.1742 documents
114.298 176.180 12.6539 10.1742 can
129.532 176.180 8.6061 10.1742 be
140.709 176.180 42.0186 10.1742 represented
185.308 176.180 7.0928 10.1742 in
194.981 176.180 11.1405 10.1742 the
208.701 176.180 17.7228 10.1742 form
228.995 176.180 7.5942 10.1742 of
239.169 176.180 35.4364 10.1742 hierarchi-

72.2164 187.120 10.6300 10.1742 cal
85.2623 187.120 19.4914 10.1742 trees.
107.971 187.120 37.9800 10.1742 Rhetorical
148.367 187.120 31.8992 10.1742 structure
182.673 187.120 7.0928 10.1742 in
192.182 187.120 11.1405 10.1742 the
205.729 187.120 17.7228 10.1742 form
225.868 187.120 7.5942 10.1742 of
235.869 187.120 13.6659 10.1742 tree
251.951 187.120 6.0808 10.1742 is
260.438 187.120 14.1673 10.1742 cre-

72.2164 198.060 15.1883 10.1742 ated
89.9391 198.060 17.7228 10.1742 from
110.196 198.060 11.1405 10.1742 the
123.880 198.060 36.7127 10.1742 discourse.
164.185 198.060 37.9891 10.1742 Algorithm
204.708 198.060 6.0808 10.1742 is
213.333 198.060 26.3198 10.1742 created
242.187 198.060 7.0928 10.1742 to
251.814 198.060 22.7916 10.1742 assign

72.2164 209.000 11.1405 10.1742 the
85.8913 209.000 28.3619 10.1742 weights
116.787 209.000 7.0928 10.1742 to
126.414 209.000 18.7347 10.1742 these
147.684 209.000 34.6888 10.1742 elements.
185.973 209.000 25.3169 10.1742 Higher
213.825 209.000 11.1405 10.1742 the
227.500 209.000 28.8633 10.1742 element
258.898 209.000 6.0808 10.1742 is
267.513 209.000 7.0928 10.1742 in

72.2164 219.940 11.1405 10.1742 the
85.2349 219.940 34.9350 10.1742 rhetorical
122.038 219.940 34.1783 10.1742 structure,
158.177 219.940 23.2930 10.1742 higher
183.348 219.940 11.1405 10.1742 the
196.357 219.940 24.8155 10.1742 weight
223.051 219.940 6.0808 10.1742 is
231.010 219.940 22.1717 10.1742 given.
255.871 219.940 18.7347 10.1742 Then

72.2164 230.880 9.1166 10.1742 on
83.2566 230.880 11.1405 10.1742 the
96.3208 230.880 18.2333 10.1742 basis
116.477 230.880 7.5942 10.1742 of
125.995 230.880 22.7916 10.1742 length
150.710 230.880 26.3289 10.1742 desired
178.963 230.880 10.6300 10.1742 for
191.516 230.880 11.1405 10.1742 the
204.581 230.880 35.6187 10.1742 summary,
242.196 230.880 32.4097 10.1742 elements

72.2164 241.820 11.1314 10.1742 are
86.7301 241.820 35.5549 10.1742 extracted.
128.420 241.820 36.4575 10.1742 Discourse
168.260 241.820 39.4933 10.1742 connectors
211.135 241.820 15.6989 10.1742 help
230.217 241.820 29.8661 10.1742 increase
263.465 241.820 11.1405 10.1742 the

72.2164 252.761 36.9498 10.1742 coherence
111.618 252.761 13.1644 10.1742 and
127.235 252.761 32.4097 10.1742 cohesion
162.097 252.761 7.5942 10.1742 of
172.143 252.761 11.1405 10.1742 the
185.736 252.761 15.8174 10.1742 text.
204.890 252.761 36.4575 10.1742 Discourse
243.800 252.761 22.2720 10.1742 parser
268.525 252.761 6.0808 10.1742 is

72.2164 263.700 16.7108 10.1742 used
92.5100 263.700 7.0928 10.1742 to
103.194 263.700 21.7614 10.1742 create
128.539 263.700 11.1405 10.1742 the
143.262 263.700 19.2361 10.1742 parse
166.090 263.700 17.2122 10.1742 trees
186.885 263.700 13.1644 10.1742 and
203.632 263.700 15.6989 10.1742 then
222.923 263.700 34.4336 10.1742 discourse
260.940 263.700 13.6659 10.1742 tree

72.2164 274.640 51.6458 10.1742 representation
127.745 274.640 6.0808 10.1742 is
137.719 274.640 26.3198 10.1742 created
167.922 274.640 10.6300 10.1742 for
182.445 274.640 34.9350 10.1742 sentences
221.264 274.640 27.8422 10.1742 (Gerani
252.999 274.640 6.5822 10.1742 et
263.465 274.640 11.1405 10.1742 al.,

72.2164 285.580 23.5483 10.1742 2014).
100.031 285.580 37.9800 10.1742 Rhetorical
140.773 285.580 33.4216 10.1742 Structure
176.948 285.580 50.8891 10.1742 (Chengcheng,
230.599 285.580 21.2691 10.1742 2010)
254.622 285.580 6.0808 10.1742 is
263.465 285.580 11.1405 10.1742 the

72.2164 296.520 15.0972 10.1742 way
90.1579 296.520 7.0928 10.1742 to
100.104 296.520 27.8422 10.1742 analyze
130.790 296.520 11.1405 10.1742 the
144.784 296.520 13.5382 10.1742 text
161.167 296.520 6.5822 10.1742 at
170.603 296.520 11.1405 10.1742 the
184.588 296.520 22.7825 10.1742 clause
210.224 296.520 17.3581 10.1742 level
230.426 296.520 13.1644 10.1742 and
246.444 296.520 18.7347 10.1742 deals
268.023 296.520 6.5822 10.1742 at

72.2164 307.460 58.6292 10.1742 document-level.
136.297 307.460 37.9800 10.1742 Rhetorical
177.431 307.460 27.8514 10.1742 relation
208.428 307.460 6.0808 10.1742 is
217.663 307.460 11.1405 10.1742 the
231.958 307.460 27.8514 10.1742 relation
262.964 307.460 11.6420 10.1742 be-

72.2164 318.401 21.7706 10.1742 tween
96.5852 318.401 11.1405 10.1742 the
110.323 318.401 13.5838 10.1742 two
126.496 318.401 59.9875 10.1742 non-overlapping
189.082 318.401 19.3638 10.1742 texts.
212.229 318.401 6.5822 10.1742 A
221.401 318.401 13.6659 10.1742 tree
237.665 318.401 13.5838 10.1742 like
253.847 318.401 20.7586 10.1742 struc-

72.2164 329.341 14.1764 10.1742 ture
90.0759 329.341 6.0808 10.1742 is
99.8398 329.341 26.3198 10.1742 created
129.851 329.341 7.0928 10.1742 to
140.627 329.341 33.4125 10.1742 represent
177.723 329.341 11.1405 10.1742 the
192.547 329.341 36.9498 10.1742 coherence
233.189 329.341 7.0928 10.1742 in
243.964 329.341 11.1405 10.1742 the
258.788 329.341 15.8174 10.1742 text.

72.2164 340.280 36.4575 10.1742 Discourse
110.870 340.280 17.7319 10.1742 units
130.790 340.280 38.4814 10.1742 participate
171.469 340.280 7.0928 10.1742 in
180.759 340.280 5.0689 10.1742 it
188.016 340.280 16.2094 10.1742 with
206.422 340.280 13.1644 10.1742 one
221.775 340.280 28.8633 10.1742 element
252.835 340.280 21.7706 10.1742 called

72.2164 351.220 7.5942 10.1742 as
82.1079 351.220 27.8514 10.1742 nucleus
112.265 351.220 13.1644 10.1742 and
127.727 351.220 27.3408 10.1742 another
157.375 351.220 7.5942 10.1742 as
167.266 351.220 28.3619 10.1742 satellite
197.925 351.220 25.2258 10.1742 (Goyal
225.458 351.220 7.0928 10.1742 &
234.848 351.220 39.7577 10.1742 Eisenstein,

72.2164 362.160 23.5483 10.1742 2016).
101.262 362.160 14.1764 10.1742 The
118.611 362.160 18.2333 10.1742 main
140.016 362.160 18.2333 10.1742 steps
161.413 362.160 11.1314 10.1742 are
175.717 362.160 7.0928 10.1742 to
185.983 362.160 28.3619 10.1742 identify
217.517 362.160 11.1405 10.1742 the
231.821 362.160 13.5382 10.1742 text
248.532 362.160 26.0736 10.1742 phrase,

72.2164 373.100 29.3647 10.1742 creation
103.659 373.100 7.5942 10.1742 of
113.332 373.100 31.3977 10.1742 Rhetoric
146.817 373.100 33.4216 10.1742 Structure
182.318 373.100 22.2082 10.1742 Trees,
206.650 373.100 38.9919 10.1742 processing
247.721 373.100 7.5942 10.1742 of
257.393 373.100 17.2122 10.1742 trees

72.2164 384.041 7.0928 10.1742 to
81.2510 384.041 14.1855 10.1742 ﬁnd
97.3692 384.041 11.1405 10.1742 the
110.451 384.041 35.4546 10.1742 important
147.848 384.041 13.1644 10.1742 and
162.945 384.041 44.5713 10.1742 unimportant
209.458 384.041 34.9350 10.1742 sentences
246.326 384.041 9.1166 10.1742 by
257.384 384.041 17.2213 10.1742 ﬁnd-

72.2164 394.981 11.6511 10.1742 ing
87.9335 394.981 11.1405 10.1742 the
103.149 394.981 27.8514 10.1742 nucleus
135.066 394.981 34.6888 10.1742 elements,
174.277 394.981 13.1644 10.1742 and
191.507 394.981 15.6989 10.1742 then
211.272 394.981 29.3647 10.1742 creation
244.712 394.981 7.5942 10.1742 of
256.372 394.981 18.2333 10.1742 sum-

72.2164 405.921 20.4213 10.1742 mary.
96.5578 405.921 39.2654 10.1742 Advantage
138.467 405.921 7.5942 10.1742 of
148.714 405.921 37.9800 10.1742 Rhetorical
189.337 405.921 36.9680 10.1742 Structures
228.949 405.921 11.1314 10.1742 are
242.725 405.921 13.6750 10.1742 that
259.043 405.921 15.5621 10.1742 they

72.2164 416.860 15.6989 10.1742 help
91.1060 416.860 21.7614 10.1742 create
116.058 416.860 35.7008 10.1742 complete,
155.177 416.860 52.6669 10.1742 grammatically
211.026 416.860 25.3078 10.1742 correct
239.525 416.860 13.1644 10.1742 and
255.880 416.860 18.7256 10.1742 read-

72.2164 427.800 15.1883 10.1742 able
89.6839 427.800 41.7816 10.1742 summaries.

81.3334 438.741 27.8422 10.1742 (Gerani
113.141 438.741 6.5822 10.1742 et
123.698 438.741 11.1405 10.1742 al.,
138.804 438.741 21.2691 10.1742 2014)
164.039 438.741 16.7108 10.1742 used
184.725 438.741 11.1405 10.1742 the
199.831 438.741 34.4336 10.1742 discourse
238.240 438.741 20.7586 10.1742 based
262.964 438.741 11.6420 10.1742 ap-

72.2164 449.681 24.8064 10.1742 proach
100.341 449.681 7.0928 10.1742 to
110.743 449.681 40.0039 10.1742 summarize
154.065 449.681 11.1405 10.1742 the
168.524 449.681 27.8514 10.1742 product
199.685 449.681 30.1761 10.1742 reviews.
235.796 449.681 18.5980 10.1742 They
257.712 449.681 16.8932 10.1742 have

72.2164 460.621 16.7108 10.1742 used
92.3094 460.621 26.3289 10.1742 aspects
122.011 460.621 13.1644 10.1742 and
138.558 460.621 16.7108 10.1742 their
158.642 460.621 36.4575 10.1742 structured
198.481 460.621 31.3977 10.1742 relations
233.252 460.621 7.0928 10.1742 to
243.727 460.621 30.8781 10.1742 generate

72.2164 471.561 11.1405 10.1742 the
87.1038 471.561 39.1287 10.1742 abstractive
129.979 471.561 39.5024 10.1742 summaries
173.228 471.561 9.1166 10.1742 by
186.092 471.561 35.4455 10.1742 analyzing
225.284 471.561 11.1405 10.1742 the
240.172 471.561 34.4336 10.1742 discourse

72.2164 482.501 31.8992 10.1742 structure
108.008 482.501 13.1644 10.1742 and
125.056 482.501 11.1405 10.1742 the
140.089 482.501 33.6769 10.1742 relations.
181.415 482.501 19.7467 10.1742 Their
205.055 482.501 33.4125 10.1742 approach
242.351 482.501 16.7108 10.1742 does
262.954 482.501 11.6511 10.1742 not

72.2164 493.440 25.8183 10.1742 require
102.046 493.440 27.3499 10.1742 domain
133.416 493.440 42.0551 10.1742 knowledge.
183.503 493.440 50.6339 10.1742 Aspect-Based
238.148 493.440 36.4575 10.1742 Discourse

72.2164 504.381 13.6659 10.1742 tree
88.4987 504.381 6.0808 10.1742 is
97.2051 504.381 26.3198 10.1742 created
126.141 504.381 10.6300 10.1742 for
139.396 504.381 16.7017 10.1742 each
158.715 504.381 26.0371 10.1742 review,
187.459 504.381 15.6989 10.1742 then
205.784 504.381 15.5621 10.1742 they
223.963 504.381 11.1314 10.1742 are
237.720 504.381 27.1767 10.1742 merged
267.513 504.381 7.0928 10.1742 to

72.2164 515.321 21.7614 10.1742 create
97.2142 515.321 42.3468 10.1742 Aggregated
142.797 515.321 37.9800 10.1742 Rhetorical
184.013 515.321 30.8963 10.1742 Relation
218.146 515.321 56.4594 10.1742 Graph(ARRG).

72.2164 526.261 34.7162 10.1742 Weighted
109.840 526.261 36.8313 10.1742 PageRank
149.571 526.261 6.0808 10.1742 is
158.560 526.261 26.8394 10.1742 applied
188.298 526.261 7.0928 10.1742 to
198.299 526.261 27.6052 10.1742 ARRG,
228.803 526.261 7.0928 10.1742 to
238.804 526.261 21.7614 10.1742 create
263.465 526.261 11.1405 10.1742 the

72.2164 537.201 16.2094 10.1742 ﬁnal
91.4160 537.201 36.4575 10.1742 sub-graph
130.863 537.201 21.7706 10.1742 called
155.633 537.201 25.3169 10.1742 Aspect
183.940 537.201 36.4028 10.1742 Hierarchy
223.333 537.201 41.1890 10.1742 Tree(AHT)
267.513 537.201 7.0928 10.1742 to

72.2164 548.141 21.7614 10.1742 create
96.4393 548.141 11.1405 10.1742 the
110.050 548.141 16.2094 10.1742 ﬁnal
128.721 548.141 33.9322 10.1742 summary
165.115 548.141 9.1166 10.1742 by
176.693 548.141 31.9083 10.1742 applying
211.072 548.141 13.5382 10.1742 text
227.071 548.141 31.9083 10.1742 planning
261.441 548.141 13.1644 10.1742 and

72.2164 559.081 31.3886 10.1742 sentence
106.057 559.081 40.7605 10.1742 realization.
150.181 559.081 7.5942 10.1742 In
160.228 559.081 32.9111 10.1742 Sentence
195.592 559.081 41.5263 10.1742 Realization
239.579 559.081 16.9661 10.1742 step,
259.043 559.081 15.5621 10.1742 they

72.2164 570.021 16.8932 10.1742 have
91.3887 570.021 16.7108 10.1742 used
110.378 570.021 34.9441 10.1742 templates
147.601 570.021 20.2572 10.1742 along
170.138 570.021 16.2094 10.1742 with
188.626 570.021 11.1405 10.1742 the
202.046 570.021 21.0139 10.1742 NLG.

81.3334 580.961 20.0293 10.1742 Table
103.997 580.961 4.5583 10.1742 3
111.199 580.961 14.6960 10.1742 lists
128.530 580.961 20.0293 10.1742 down
151.194 580.961 11.1405 10.1742 the
164.969 580.961 40.2774 10.1742 advantages
207.890 580.961 13.1644 10.1742 and
223.689 580.961 50.9165 10.1742 disadvantages

72.2164 591.901 7.5942 10.1742 of
82.0897 591.901 19.2361 10.1742 Deep
103.605 591.901 56.7056 10.1742 Learning-based
162.589 591.901 41.0067 10.1742 approaches
205.875 591.901 9.1166 10.1742 on
217.271 591.901 17.2122 10.1742 page
236.762 591.901 11.3958 10.1742 13.

81.3334 602.841 23.5757 10.1742 Below
110.151 602.841 7.0928 10.1742 in
122.495 602.841 20.0293 10.1742 Table
147.775 602.841 6.8375 10.1742 1,
160.593 602.841 10.6300 10.1742 we
176.474 602.841 16.8932 10.1742 have
198.609 602.841 21.2691 10.1742 found
225.130 602.841 11.1405 10.1742 the
241.512 602.841 20.2572 10.1742 range
267.012 602.841 7.5942 10.1742 of

72.2164 613.781 31.0331 10.1742 ROUGE
105.273 613.781 24.3050 10.1742 Scores
131.593 613.781 31.3977 10.1742 obtained
165.014 613.781 9.1166 10.1742 by
176.146 613.781 11.1405 10.1742 the
189.310 613.781 21.4971 10.1742 above
212.822 613.781 38.4905 10.1742 mentioned
253.336 613.781 21.2691 10.1742 meth-

72.2164 624.721 12.6630 10.1742 ods
86.9671 624.721 9.1166 10.1742 on
98.1715 624.721 11.1405 10.1742 the
111.399 624.721 19.2452 10.1742 DUC
132.732 624.721 18.2333 10.1742 2001
153.053 624.721 27.5961 10.1742 dataset,
182.783 624.721 16.7108 10.1742 used
201.581 624.721 10.6300 10.1742 for
214.299 624.721 29.3647 10.1742 creating
245.751 624.721 28.8542 10.1742 abstrac-

72.2164 635.661 13.3103 10.1742 tive
87.8058 635.661 41.7816 10.1742 summaries.

72.2164 661.306 6.8375 10.5115 3.
83.6122 661.306 44.0608 10.5115 Generating
129.952 661.306 12.1525 10.5115 the
144.383 661.306 44.8813 10.5115 Abstractive
191.544 661.306 44.0608 10.5115 Summaries

81.3334 679.421 7.5942 10.1742 In
91.1064 679.421 13.1736 10.1742 this
106.458 679.421 28.1066 10.1742 section,
136.771 679.421 10.6300 10.1742 we
149.580 679.421 16.8932 10.1742 have
168.652 679.421 28.3528 10.1742 focused
199.184 679.421 9.1166 10.1742 on
210.488 679.421 19.2452 10.1742 those
231.913 679.421 18.2333 10.1742 steps
252.325 679.421 22.2811 10.1742 which

72.2164 690.361 11.1314 10.1742 are
86.0372 690.361 11.1405 10.1742 the
99.8580 690.361 35.4546 10.1742 important
138.002 690.361 14.1764 10.1742 part
154.867 690.361 7.5942 10.1742 of
165.151 690.361 38.4814 10.1742 generating
206.313 690.361 11.1405 10.1742 the
220.143 690.361 15.8174 10.1742 text.
240.008 690.361 19.7558 10.1742 From
262.453 690.361 12.1525 10.1742 our

301.957 131.326 37.8432 10.1742 Technique

393.852 131.326 23.2930 10.1742 Range
422.861 131.326 7.5942 10.1742 of
436.180 131.326 38.6272 10.1742 ROUGE-1

393.852 142.266 20.7586 10.1742 Score

301.957 153.571 16.3826 10.1742 Tree
320.619 153.571 22.2811 10.1742 Based

393.852 153.571 25.8275 10.1742 0.3-0.4

301.957 164.876 33.7954 10.1742 Template
338.031 164.876 22.2811 10.1742 Based

393.852 164.876 34.9441 10.1742 0.21-0.35
430.911 164.876 20.5033 10.1742 (Oya,
453.538 164.876 21.2691 10.1742 2014)

301.957 176.180 34.4427 10.1742 Ontology
338.679 176.180 22.2811 10.1742 Based

393.852 176.180 39.5024 10.1742 0.29-0.319
444.932 176.180 29.8753 10.1742 (Hennig

393.852 187.119 6.5822 10.1742 et
402.713 187.119 11.1405 10.1742 al.,
416.133 187.119 25.8275 10.1742 2008b)

301.957 198.424 18.2242 10.1742 Lead
322.013 198.424 13.1644 10.1742 and
337.019 198.424 19.7558 10.1742 Body
358.608 198.424 24.3050 10.1742 Phrase
393.852 198.424 57.2252 10.1742 0.2-0.3(Highest

472.273 198.424 2.5344 10.1742 :

393.852 209.364 18.9900 10.1742 0.28)
420.326 209.364 21.7797 10.1742 (Song
449.600 209.364 6.5822 10.1742 et
463.667 209.364 11.1405 10.1742 al.,

393.852 220.304 25.8275 10.1742 2018b)

301.957 231.609 22.7825 10.1742 Graph
327.018 231.609 22.2811 10.1742 Based

393.852 231.609 15.9541 10.1742 0.31

301.957 242.914 33.9322 10.1742 Semantic

360.130 242.914 22.7825 10.1742 Graph

301.957 253.854 22.2811 10.1742 Based

393.852 242.914 49.3758 10.1742 0.3-0.4(0.417
447.877 242.914 7.5942 10.1742 as
460.121 242.914 14.6869 10.1742 best

393.852 253.854 22.2720 10.1742 score)
422.186 253.854 22.7825 10.1742 (Khan
451.022 253.854 6.5822 10.1742 et
463.667 253.854 11.1405 10.1742 al.,

393.852 264.794 21.2691 10.1742 2018)

301.957 276.099 73.7628 10.1742 Predicate-Argument

301.957 287.039 22.2811 10.1742 Based

393.852 276.099 25.8275 10.1742 0.3-0.4

301.957 298.344 61.7744 10.1742 Discourse-Based

393.852 298.344 30.3858 10.1742 0.2-0.35
426.243 298.344 26.8394 10.1742 (Cohan
455.079 298.344 6.5822 10.1742 et
463.667 298.344 11.1405 10.1742 al.,

393.852 309.284 21.2691 10.1742 2018)

301.957 320.588 44.0699 10.1742 MultiModal

393.852 320.588 30.3858 10.1742 0.05-0.3

301.957 331.893 19.2361 10.1742 Deep
323.472 331.893 32.9111 10.1742 Learning

393.852 331.893 34.9441 10.1742 0.28-0.47
430.966 331.893 21.7797 10.1742 (Joshi
454.915 331.893 6.5822 10.1742 et
463.667 331.893 11.1405 10.1742 al.,

393.852 342.833 7.0836 10.1742 a)

314.180 363.123 16.0235 8.1394 Table
332.026 363.123 5.6742 8.1394 1:
339.962 363.123 28.3638 8.1394 Summary
370.149 363.123 6.0753 8.1394 of
378.047 363.123 31.4197 8.1394 Evaluation
411.290 363.123 21.4789 8.1394 Results
434.593 363.123 7.2933 8.1394 on
443.709 363.123 15.3962 8.1394 DUC
460.929 363.123 20.2536 8.1394 dataset

296.486 390.650 25.7181 10.1742 survey,
326.280 390.650 10.6300 10.1742 we
340.620 390.650 21.2691 10.1742 found
365.600 390.650 13.6750 10.1742 that
382.985 390.650 31.3886 10.1742 sentence
418.084 390.650 48.3729 10.1742 compression,
470.523 390.650 28.3528 10.1742 concept

296.486 401.590 25.0708 10.1742 fusion,
324.712 401.590 40.0039 10.1742 calculation
367.697 401.590 7.5942 10.1742 of
378.272 401.590 15.6989 10.1742 path
396.952 401.590 22.7825 10.1742 scores
422.716 401.590 13.1644 10.1742 and
438.861 401.590 33.9322 10.1742 summary
475.774 401.590 23.1016 10.1742 gener-

296.486 412.530 18.2333 10.1742 ation
317.874 412.530 11.1314 10.1742 are
332.169 412.530 13.4379 10.1742 few
348.761 412.530 31.9083 10.1742 common
383.824 412.530 17.7228 10.1742 parts
404.701 412.530 7.5942 10.1742 of
415.459 412.530 8.6061 10.1742 an
427.219 412.530 39.1287 10.1742 abstractive
469.502 412.530 29.3738 10.1742 summa-

296.486 423.470 27.8514 10.1742 rization
326.690 423.470 27.6052 10.1742 system.
357.358 423.470 7.5942 10.1742 In
367.305 423.470 13.1736 10.1742 this
382.839 423.470 28.1066 10.1742 section,
413.316 423.470 10.6300 10.1742 we
426.307 423.470 16.8932 10.1742 have
445.553 423.470 28.3528 10.1742 focused
476.267 423.470 9.1166 10.1742 on
487.735 423.470 11.1405 10.1742 the

296.486 434.410 38.9919 10.1742 techniques
337.584 434.410 16.7108 10.1742 used
356.410 434.410 9.1166 10.1742 by
367.633 434.410 26.6115 10.1742 various
396.359 434.410 40.9976 10.1742 researchers
439.463 434.410 7.0928 10.1742 to
448.671 434.410 29.3647 10.1742 perform
480.141 434.410 18.7347 10.1742 these

296.486 445.350 34.9350 10.1742 particular
333.701 445.350 20.5125 10.1742 tasks.

296.486 468.164 13.6750 10.0283 3.1.
314.720 468.164 32.4006 10.0283 Sentence
349.399 468.164 47.7804 10.0283 Compression

305.603 482.501 32.9111 10.1742 Sentence
340.775 482.501 48.1177 10.1742 Compression
391.145 482.501 6.0808 10.1742 is
399.487 482.501 7.0928 10.1742 to
408.831 482.501 24.2959 10.1742 reduce
435.388 482.501 11.1405 10.1742 the
448.790 482.501 22.7916 10.1742 length
473.833 482.501 7.5942 10.1742 of
483.688 482.501 15.1883 10.1742 sen-

296.486 493.440 19.2361 10.1742 tence
320.117 493.440 20.2572 10.1742 while
344.759 493.440 38.4814 10.1742 preserving
387.635 493.440 11.1405 10.1742 the
403.160 493.440 28.3619 10.1742 original
435.916 493.440 31.3977 10.1742 meaning
471.699 493.440 7.5942 10.1742 of
483.688 493.440 15.1883 10.1742 sen-

296.486 504.380 19.2361 10.1742 tence
319.606 504.380 32.9111 10.1742 (Napoles
356.401 504.380 6.5822 10.1742 et
366.858 504.380 11.1405 10.1742 al.,
381.882 504.380 23.5483 10.1742 2011).
413.070 504.380 21.1324 10.1742 Many
438.077 504.380 22.0349 10.1742 times,
464.397 504.380 34.4792 10.1742 irrelevant

296.486 515.321 23.8036 10.1742 details
324.274 515.321 11.1314 10.1742 are
339.389 515.321 14.6869 10.1742 also
358.060 515.321 26.3289 10.1742 present
388.373 515.321 7.0928 10.1742 in
399.450 515.321 11.1405 10.1742 the
414.574 515.321 31.3886 10.1742 sentence
449.947 515.321 13.1644 10.1742 and
467.095 515.321 5.0689 10.1742 it
476.148 515.321 6.0808 10.1742 is
486.213 515.321 12.6630 10.1742 im-

296.486 526.261 25.8275 10.1742 portant
326.453 526.261 7.0928 10.1742 to
337.694 526.261 27.0673 10.1742 remove
368.900 526.261 18.2333 10.1742 them
391.272 526.261 7.0928 10.1742 to
402.504 526.261 19.8925 10.1742 avoid
426.545 526.261 11.1405 10.1742 the
441.824 526.261 20.2481 10.1742 space
466.211 526.261 32.6650 10.1742 problem.

296.486 537.201 5.5703 10.1742 It
305.448 537.201 6.0808 10.1742 is
314.911 537.201 13.1644 10.1742 one
331.467 537.201 7.5942 10.1742 of
342.453 537.201 11.1405 10.1742 the
356.984 537.201 16.0635 10.1742 very
376.430 537.201 35.4546 10.1742 important
415.276 537.201 18.2333 10.1742 topic
436.901 537.201 7.5942 10.1742 of
447.877 537.201 17.2213 10.1742 NLP
468.490 537.201 30.3858 10.1742 commu-

296.486 548.141 14.1855 10.1742 nity
312.978 548.141 13.1644 10.1742 and
328.449 548.141 19.2452 10.1742 plays
349.992 548.141 4.0478 10.1742 a
356.346 548.141 16.0635 10.1742 very
374.716 548.141 35.4546 10.1742 important
412.478 548.141 14.1764 10.1742 role
428.951 548.141 7.0928 10.1742 in
438.351 548.141 29.3647 10.1742 creating
470.022 548.141 28.8542 10.1742 abstrac-

296.486 559.081 13.3103 10.1742 tive
313.152 559.081 41.7816 10.1742 summaries.
360.978 559.081 11.1405 10.1742 On
375.464 559.081 11.1405 10.1742 the
389.959 559.081 18.2333 10.1742 basis
411.539 559.081 7.5942 10.1742 of
422.488 559.081 11.1405 10.1742 the
436.983 559.081 15.6989 10.1742 type
456.028 559.081 7.5942 10.1742 of
466.977 559.081 31.8992 10.1742 structure

296.486 570.020 16.7108 10.1742 used
316.507 570.020 10.6300 10.1742 for
330.437 570.020 11.1405 10.1742 the
344.887 570.020 31.3886 10.1742 sentence
379.576 570.020 48.3638 10.1742 compression,
431.504 570.020 18.7347 10.1742 these
453.539 570.020 30.8963 10.1742 methods
487.745 570.020 11.1314 10.1742 are

296.486 580.961 27.1220 10.1742 divided
326.672 580.961 14.1855 10.1742 into
343.929 580.961 39.7395 10.1742 tree-based,
386.924 580.961 58.2280 10.1742 discourse-based
448.224 580.961 13.1644 10.1742 and
464.452 580.961 34.4245 10.1742 sentence-

296.486 591.901 20.7586 10.1742 based
321.931 591.901 33.1755 10.1742 methods.
365.144 591.901 40.1771 10.1742 Tree-based
410.007 591.901 41.0067 10.1742 approaches
455.700 591.901 31.3977 10.1742 ((Knight
491.783 591.901 7.0928 10.1742 &

296.486 602.841 26.0736 10.1742 Marcu,
325.787 602.841 23.5483 10.1742 2000),
352.809 602.841 27.2041 10.1742 (Galley
383.240 602.841 7.0928 10.1742 &
393.560 602.841 38.4176 10.1742 Mckeown,
435.205 602.841 24.3050 10.1742 2007))
462.747 602.841 21.7614 10.1742 create
487.735 602.841 11.1405 10.1742 the

296.486 613.781 38.4905 10.1742 compound
338.067 613.781 34.9350 10.1742 sentences
376.084 613.781 9.1166 10.1742 by
388.291 613.781 25.3261 10.1742 editing
416.699 613.781 11.1405 10.1742 the
430.930 613.781 32.4097 10.1742 syntactic
466.421 613.781 17.2122 10.1742 trees
486.724 613.781 12.1525 10.1742 ob-

296.486 624.721 22.2811 10.1742 tained
322.989 624.721 9.1166 10.1742 by
336.317 624.721 26.8394 10.1742 parsing
367.377 624.721 11.1405 10.1742 the
382.739 624.721 15.8174 10.1742 text.
407.190 624.721 13.1736 10.1742 But
424.584 624.721 15.5621 10.1742 they
444.368 624.721 11.1314 10.1742 are
459.711 624.721 23.3022 10.1742 highly
487.234 624.721 11.6420 10.1742 de-

296.486 635.660 28.8633 10.1742 pendent
328.249 635.660 18.2333 10.1742 upon
349.381 635.660 11.1405 10.1742 the
363.421 635.660 24.1865 10.1742 parser,
390.661 635.660 22.2811 10.1742 which
415.832 635.660 20.7768 10.1742 limits
439.508 635.660 20.5125 10.1742 them.
464.707 635.660 34.1692 10.1742 Whereas,

296.486 646.601 55.1831 10.1742 sentence-based
353.903 646.601 88.3494 10.1742 approaches((McDonald,
444.486 646.601 24.3050 10.1742 2006))
471.025 646.601 27.8514 10.1742 directly

296.486 657.541 21.7614 10.1742 create
321.603 657.541 11.1405 10.1742 the
336.098 657.541 34.9350 10.1742 sentences
374.388 657.541 11.4687 10.1742 but
389.212 657.541 15.5621 10.1742 they
408.120 657.541 15.1883 10.1742 lack
426.663 657.541 7.0928 10.1742 in
437.111 657.541 20.2572 10.1742 terms
460.723 657.541 7.5942 10.1742 of
471.672 657.541 27.2041 10.1742 lexical-

296.486 668.481 27.0947 10.1742 ization.
326.398 668.481 60.2519 10.1742 Discourse-based
388.902 668.481 71.2922 10.1742 approaches((Clarke
462.446 668.481 7.0928 10.1742 &
471.790 668.481 27.0856 10.1742 Lapata,

296.486 679.421 24.3050 10.1742 2008))
323.381 679.421 30.8872 10.1742 consider
356.857 679.421 11.1405 10.1742 the
370.587 679.421 34.4336 10.1742 discourse
407.609 679.421 43.0488 10.1742 information
453.247 679.421 7.5942 10.1742 of
463.430 679.421 35.4455 10.1742 surround-

296.486 690.361 11.6511 10.1742 ing
310.417 690.361 13.5382 10.1742 text
326.234 690.361 7.0928 10.1742 to
335.606 690.361 34.4336 10.1742 compress
372.319 690.361 11.1405 10.1742 the
385.738 690.361 37.2142 10.1742 sentences.

280.988 706.771 9.1166 10.1742 10

210.051 21.8897 72.3402 12.7684 ACCEPTED
285.891 21.8897 90.2327 12.7684 MANUSCRIPT

54.9470 623.773 45.6014 26.4027 A
79.5679 599.382 45.6014 24.3914 C
102.313 574.991 45.6014 24.3914 C
125.058 552.647 45.6014 22.3435 E
145.894 532.315 45.6014 20.3323 P
164.854 509.971 45.6014 22.3435 T
185.689 487.628 45.6014 22.3435 E
206.525 461.225 45.6014 26.4027 D

239.671 419.573 45.6014 32.5097 M

269.987 393.171 45.6014 26.4027 A
294.608 366.768 45.6014 26.4027 N
319.229 340.365 45.6014 26.4027 U
343.850 320.033 45.6014 20.3323 S
362.810 295.642 45.6014 24.3914 C
385.555 271.250 45.6014 24.3914 R
408.300 259.073 45.6014 12.1774 I
419.656 238.741 45.6014 20.3323 P
438.616 216.397 45.6014 22.3435 T

81.3334 132.420 11.1405 10.1742 On
95.8927 132.420 11.1405 10.1742 the
110.442 132.420 18.2333 10.1742 basis
132.094 132.420 7.5942 10.1742 of
143.098 132.420 15.6989 10.1742 type
162.216 132.420 7.5942 10.1742 of
173.220 132.420 29.8753 10.1742 learning
206.514 132.420 16.7108 10.1742 used
226.634 132.420 10.6300 10.1742 for
240.683 132.420 33.9230 10.1742 compres-

72.2164 143.360 17.4766 10.1742 sion,
93.7225 143.360 15.5621 10.1742 they
112.967 143.360 11.1314 10.1742 are
127.782 143.360 14.6869 10.1742 also
146.152 143.360 27.1220 10.1742 divided
176.957 143.360 14.1855 10.1742 into
194.826 143.360 38.9919 10.1742 supervised
237.501 143.360 13.1644 10.1742 and
254.348 143.360 20.2572 10.1742 unsu-

72.2164 154.300 30.8872 10.1742 pervised
107.042 154.300 28.6172 10.1742 models.
143.463 154.300 40.5144 10.1742 Supervised
187.915 154.300 41.0067 10.1742 approaches
232.860 154.300 26.6662 10.1742 involve
263.465 154.300 11.1405 10.1742 the

72.2164 165.240 28.3619 10.1742 training
104.152 165.240 7.0928 10.1742 to
114.809 165.240 14.1855 10.1742 ﬁnd
132.568 165.240 11.1405 10.1742 the
147.273 165.240 27.3408 10.1742 phrases
178.188 165.240 10.6300 10.1742 for
192.392 165.240 48.3638 10.1742 compression.
247.447 165.240 9.3993 10.1742 To
260.420 165.240 14.1855 10.1742 ﬁnd

72.2164 176.180 11.1405 10.1742 the
86.7483 176.180 47.8624 10.1742 probabilities,
138.284 176.180 15.5621 10.1742 they
157.247 176.180 12.1525 10.1742 use
172.791 176.180 20.7586 10.1742 either
196.941 176.180 11.1405 10.1742 the
211.473 176.180 37.6062 10.1742 generative
252.479 176.180 7.5942 10.1742 or
263.465 176.180 11.1405 10.1742 the

72.2164 187.120 51.8008 10.1742 discriminative
126.970 187.120 25.0708 10.1742 model.
156.900 187.120 7.5942 10.1742 In
167.448 187.120 37.6062 10.1742 generative
208.008 187.120 28.6172 10.1742 models,
239.753 187.120 20.7586 10.1742 either
263.465 187.120 11.1405 10.1742 the

72.2164 198.060 40.0130 10.1742 probability
115.848 198.060 7.5942 10.1742 of
127.053 198.060 20.5945 10.1742 target
151.266 198.060 46.0847 10.1742 compression
200.961 198.060 6.0808 10.1742 is
210.661 198.060 21.2691 10.1742 found
235.541 198.060 27.8514 10.1742 directly
267.011 198.060 7.5942 10.1742 or

72.2164 209.000 34.9441 10.1742 indirectly
109.439 209.000 9.1166 10.1742 by
120.844 209.000 19.7558 10.1742 using
142.879 209.000 19.7558 10.1742 noisy
164.923 209.000 30.6319 10.1742 channel.
198.390 209.000 34.1692 10.1742 Whereas,
234.848 209.000 7.0928 10.1742 in
244.220 209.000 30.3858 10.1742 discrim-

72.2164 219.940 24.4509 10.1742 inative
100.022 219.940 28.6172 10.1742 models,
132.276 219.940 18.2333 10.1742 main
153.865 219.940 13.6750 10.1742 aim
170.904 219.940 6.0808 10.1742 is
180.339 219.940 7.0928 10.1742 to
190.796 219.940 24.2959 10.1742 reduce
218.447 219.940 11.1405 10.1742 the
232.952 219.940 28.3619 10.1742 training
264.668 219.940 9.9371 10.1742 er-

72.2164 230.880 16.4556 10.1742 rors.
95.0718 230.880 25.8366 10.1742 Mostly
124.372 230.880 22.0349 10.1742 SVM,
149.881 230.880 36.9771 10.1742 maximum
190.322 230.880 29.4468 10.1742 entropy,
223.534 230.880 30.3858 10.1742 decision
257.393 230.880 17.2122 10.1742 trees

72.2164 241.820 13.1644 10.1742 and
89.0001 241.820 18.0601 10.1742 large
110.688 241.820 25.6634 10.1742 margin
139.971 241.820 29.8753 10.1742 learning
173.465 241.820 11.1314 10.1742 are
188.216 241.820 16.7108 10.1742 used
208.555 241.820 10.6300 10.1742 for
222.805 241.820 51.8008 10.1742 discriminative

72.2164 252.761 36.9771 10.1742 modelling
112.028 252.761 27.2497 10.1742 (Clarke
142.113 252.761 7.0928 10.1742 &
152.041 252.761 27.0856 10.1742 Lapata,
181.962 252.761 23.5483 10.1742 2008).
209.996 252.761 50.1325 10.1742 Unsupervised
262.964 252.761 11.6420 10.1742 ap-

72.2164 263.700 32.4006 10.1742 proaches
106.495 263.700 12.1525 10.1742 use
120.525 263.700 17.7228 10.1742 rules
140.126 263.700 13.1644 10.1742 and
155.177 263.700 32.9111 10.1742 language
189.967 263.700 26.3380 10.1742 models
218.183 263.700 7.0928 10.1742 to
227.153 263.700 34.4336 10.1742 compress
263.465 263.700 11.1405 10.1742 the

72.2164 274.640 33.6678 10.1742 sentence.

81.3334 285.580 11.1405 10.1742 On
95.0995 285.580 11.1405 10.1742 the
108.865 285.580 18.2333 10.1742 basis
129.733 285.580 7.5942 10.1742 of
139.953 285.580 29.3647 10.1742 whether
171.943 285.580 11.1405 10.1742 the
185.709 285.580 22.1899 10.1742 words
210.525 285.580 11.1314 10.1742 are
224.291 285.580 26.3289 10.1742 deleted
253.246 285.580 7.5942 10.1742 or
263.465 285.580 11.1405 10.1742 the

72.2164 296.520 14.9604 10.1742 new
89.3010 296.520 27.3408 10.1742 phrases
118.775 296.520 7.5942 10.1742 or
128.493 296.520 22.1899 10.1742 words
152.816 296.520 11.1314 10.1742 are
166.072 296.520 18.9900 10.1742 used,
187.222 296.520 18.7347 10.1742 these
208.081 296.520 41.0067 10.1742 approaches
251.221 296.520 11.1314 10.1742 are
264.477 296.520 10.1286 10.1742 di-

72.2164 307.460 20.2572 10.1742 vided
95.8558 307.460 14.1855 10.1742 into
113.414 307.460 45.5650 10.1742 delete-based
162.361 307.460 13.1644 10.1742 and
178.908 307.460 54.6725 10.1742 generate-based
236.963 307.460 13.1644 10.1742 (Yu
253.500 307.460 6.5822 10.1742 et
263.465 307.460 11.1405 10.1742 al.,

72.2164 318.401 23.5483 10.1742 2018).
103.258 318.401 7.5942 10.1742 In
114.690 318.401 45.5650 10.1742 delete-based
164.093 318.401 35.6917 10.1742 approach,
204.006 318.401 44.5713 10.1742 unimportant
252.416 318.401 22.1899 10.1742 words

72.2164 329.341 11.1314 10.1742 are
86.7027 329.341 26.3289 10.1742 deleted
116.395 329.341 17.7228 10.1742 from
137.473 329.341 11.1405 10.1742 the
151.977 329.341 31.3886 10.1742 sentence
186.721 329.341 13.1644 10.1742 and
203.249 329.341 9.1166 10.1742 by
215.721 329.341 31.4069 10.1742 stitching
250.492 329.341 7.5942 10.1742 of
261.441 329.341 13.1644 10.1742 rest

72.2164 340.280 7.5942 10.1742 of
83.1472 340.280 11.1405 10.1742 the
97.6153 340.280 15.8174 10.1742 text,
117.033 340.280 11.1405 10.1742 the
131.501 340.280 16.2094 10.1742 ﬁnal
151.048 340.280 31.3886 10.1742 sentence
185.764 340.280 6.0808 10.1742 is
195.181 340.280 28.5989 10.1742 created.
229.761 340.280 7.5942 10.1742 In
240.692 340.280 33.9139 10.1742 generate-

72.2164 351.220 20.7586 10.1742 based
95.0353 351.220 28.6172 10.1742 models,
125.767 351.220 34.1874 10.1742 insertion,
162.060 351.220 42.5565 10.1742 substitution
206.677 351.220 13.1644 10.1742 and
221.911 351.220 44.5531 10.1742 replacement
268.525 351.220 6.0808 10.1742 is

72.2164 362.160 18.9900 10.1742 used.
94.5157 362.160 56.6964 10.1742 Generate-based
153.646 362.160 26.3380 10.1742 models
182.427 362.160 25.8183 10.1742 require
210.680 362.160 11.1405 10.1742 the
224.263 362.160 24.2959 10.1742 deeper
250.993 362.160 23.6121 10.1742 under-

72.2164 373.100 30.8963 10.1742 standing
105.391 373.100 7.5942 10.1742 of
115.265 373.100 11.1405 10.1742 the
128.684 373.100 15.8174 10.1742 text.

81.3334 384.041 28.3619 10.1742 (Knight
113.086 384.041 7.0928 10.1742 &
123.561 384.041 26.0736 10.1742 Marcu,
153.026 384.041 21.2691 10.1742 2000)
177.678 384.041 16.8932 10.1742 have
197.962 384.041 34.9350 10.1742 described
236.279 384.041 11.1405 10.1742 the
250.811 384.041 23.7945 10.1742 proba-

72.2164 394.981 24.8246 10.1742 bilistic
99.5754 394.981 33.4125 10.1742 approach
135.522 394.981 7.0928 10.1742 to
145.140 394.981 34.4336 10.1742 compress
182.108 394.981 11.1405 10.1742 the
195.783 394.981 37.2142 10.1742 sentences.
236.580 394.981 18.5980 10.1742 They
257.712 394.981 16.8932 10.1742 have

72.2164 405.921 16.7108 10.1742 used
93.4399 405.921 11.1405 10.1742 the
109.102 405.921 37.6062 10.1742 generative
151.221 405.921 19.7558 10.1742 noisy
175.489 405.921 28.3528 10.1742 channel
208.355 405.921 13.1644 10.1742 and
226.041 405.921 30.3858 10.1742 decision
260.940 405.921 13.6659 10.1742 tree

72.2164 416.860 20.7586 10.1742 based
96.7675 416.860 30.8963 10.1742 methods
131.456 416.860 7.0928 10.1742 to
142.332 416.860 34.4336 10.1742 compress
180.558 416.860 11.1405 10.1742 the
195.491 416.860 33.6678 10.1742 sentence.
236.516 416.860 27.2041 10.1742 (Galley
267.513 416.860 7.0928 10.1742 &

72.2164 427.800 38.4176 10.1742 Mckeown,
113.724 427.800 21.2691 10.1742 2007)
138.084 427.800 14.6869 10.1742 also
155.861 427.800 16.7108 10.1742 used
175.663 427.800 11.1405 10.1742 the
189.884 427.800 32.4097 10.1742 syntactic
225.385 427.800 17.2122 10.1742 trees
245.687 427.800 7.0928 10.1742 to
255.871 427.800 18.7347 10.1742 com-

72.2164 438.741 18.7347 10.1742 press
94.5613 438.741 11.1405 10.1742 the
109.321 438.741 31.3886 10.1742 sentence
144.319 438.741 9.1166 10.1742 by
157.055 438.741 19.7558 10.1742 using
180.421 438.741 46.0847 10.1742 synchronous
230.125 438.741 26.7027 10.1742 context
260.438 438.741 14.1673 10.1742 free

72.2164 449.681 38.7366 10.1742 grammars.
115.228 449.681 44.3069 10.1742 (McDonald,
162.298 449.681 21.2691 10.1742 2006)
186.320 449.681 16.7108 10.1742 used
205.793 449.681 11.1405 10.1742 the
219.696 449.681 30.8872 10.1742 machine
253.345 449.681 21.2600 10.1742 learn-

72.2164 460.621 13.9302 10.1742 ing,
88.2343 460.621 51.8008 10.1742 discriminative
142.068 460.621 22.7916 10.1742 online
166.901 460.621 29.8753 10.1742 learning
198.810 460.621 63.1328 10.1742 approach(Margin
263.975 460.621 10.6300 10.1742 In-

72.2164 471.561 19.7467 10.1742 fused
95.3544 471.561 29.7385 10.1742 Relaxed
128.484 471.561 40.2682 10.1742 Algorithm,
172.426 471.561 26.8394 10.1742 MIRA)
202.657 471.561 7.0928 10.1742 to
213.150 471.561 18.2242 10.1742 learn
234.766 471.561 11.1405 10.1742 the
249.298 471.561 25.3078 10.1742 feature

72.2164 482.501 28.3619 10.1742 weights
103.614 482.501 13.1644 10.1742 and
119.814 482.501 14.1855 10.1742 ﬁnd
137.035 482.501 11.1405 10.1742 the
151.212 482.501 13.5382 10.1742 text
167.777 482.501 22.2811 10.1742 which
193.094 482.501 17.2122 10.1742 need
213.342 482.501 7.0928 10.1742 to
223.470 482.501 8.6061 10.1742 be
235.112 482.501 39.4933 10.1742 considered

72.2164 493.440 10.6300 10.1742 for
85.7728 493.440 48.3638 10.1742 compression.
138.922 493.440 9.3993 10.1742 To
151.248 493.440 21.7614 10.1742 create
175.936 493.440 11.1405 10.1742 the
190.012 493.440 25.3078 10.1742 feature
218.246 493.440 26.1921 10.1742 vectors
247.374 493.440 13.1644 10.1742 and
263.465 493.440 11.1405 10.1742 the

72.2164 504.381 16.2094 10.1742 ﬁnal
91.2246 504.381 33.6678 10.1742 sentence,
127.818 504.381 15.5621 10.1742 they
146.179 504.381 16.7108 10.1742 used
165.689 504.381 11.1405 10.1742 the
179.619 504.381 17.2122 10.1742 deep
199.630 504.381 32.4097 10.1742 syntactic
234.839 504.381 29.3738 10.1742 analysis
267.011 504.381 7.5942 10.1742 of

72.2164 515.321 31.3886 10.1742 sentence
105.483 515.321 9.1166 10.1742 by
116.477 515.321 26.8394 10.1742 parsing
145.195 515.321 16.7108 10.1742 their
163.793 515.321 34.9350 10.1742 sentences
200.606 515.321 16.2094 10.1742 with
218.693 515.321 16.2094 10.1742 both
236.781 515.321 11.1405 10.1742 the
249.799 515.321 24.8064 10.1742 depen-

72.2164 526.261 21.6338 10.1742 dency
96.1293 526.261 22.2720 10.1742 parser
120.680 526.261 13.1644 10.1742 and
136.124 526.261 58.7295 10.1742 phrase-structure
197.132 526.261 24.0497 10.1742 parser.

81.3334 537.201 31.8992 10.1742 (Nguyen
116.241 537.201 7.0928 10.1742 &
126.342 537.201 13.4197 10.1742 Ho,
142.770 537.201 21.2691 10.1742 2004)
167.057 537.201 16.7108 10.1742 used
186.776 537.201 26.8394 10.1742 Hidden
216.624 537.201 28.6354 10.1742 Markov
248.268 537.201 26.3380 10.1742 models

72.2164 548.141 7.0928 10.1742 to
82.5455 548.141 34.4336 10.1742 compress
120.206 548.141 11.1405 10.1742 the
134.583 548.141 33.6678 10.1742 sentence.
173.939 548.141 37.9891 10.1742 CLASSY(
215.165 548.141 40.2682 10.1742 Clustering,
258.907 548.141 15.6989 10.1742 Lin-

72.2164 559.081 27.8605 10.1742 guistics
102.410 559.081 13.1644 10.1742 and
117.899 559.081 32.9293 10.1742 Statistics
153.163 559.081 10.6300 10.1742 for
166.127 559.081 54.1894 10.1742 summarization
222.641 559.081 28.3619 10.1742 system)
253.336 559.081 21.2691 10.1742 (Con-

72.2164 570.021 12.0613 10.1742 roy
86.3198 570.021 6.5822 10.1742 et
94.9442 570.021 11.1405 10.1742 al.,
108.126 570.021 23.5483 10.1742 2005),
133.762 570.021 34.4336 10.1742 compress
170.238 570.021 11.1405 10.1742 the
183.421 570.021 34.9350 10.1742 sentences
220.398 570.021 19.7558 10.1742 using
242.196 570.021 32.4097 10.1742 syntactic

72.2164 580.961 13.1644 10.1742 and
87.2953 580.961 24.1682 10.1742 lexical
113.378 580.961 34.9441 10.1742 heuristics
150.236 580.961 13.5838 10.1742 like
165.734 580.961 41.5355 10.1742 elimination
209.184 580.961 7.5942 10.1742 of
218.693 580.961 29.6200 10.1742 phrases,
250.301 580.961 24.3050 10.1742 named

72.2164 591.901 20.7677 10.1742 entity
96.4393 591.901 50.3968 10.1742 identiﬁcation,
150.573 591.901 26.8394 10.1742 Hidden
180.868 591.901 28.6354 10.1742 Markov
212.950 591.901 29.6291 10.1742 Models.
248.924 591.901 25.6816 10.1742 Integer

72.2164 602.841 23.7945 10.1742 Linear
98.2170 602.841 69.8882 10.1742 Programming(ILP)
170.311 602.841 6.0808 10.1742 is
178.598 602.841 14.6869 10.1742 also
195.491 602.841 13.1644 10.1742 one
210.862 602.841 7.5942 10.1742 of
220.662 602.841 11.1405 10.1742 the
234.009 602.841 26.7482 10.1742 famous
262.964 602.841 11.6420 10.1742 ap-

72.2164 613.781 24.8064 10.1742 proach
99.3110 613.781 10.6300 10.1742 for
112.220 613.781 31.3886 10.1742 sentence
145.897 613.781 48.3638 10.1742 compression.
197.105 613.781 5.5703 10.1742 It
204.954 613.781 11.6511 10.1742 not
218.894 613.781 16.2094 10.1742 only
237.382 613.781 19.2452 10.1742 helps
258.916 613.781 15.6898 10.1742 cap-

72.2164 624.721 14.1764 10.1742 ture
88.4166 624.721 11.1405 10.1742 the
101.590 624.721 34.4427 10.1742 statistical
138.056 624.721 43.0488 10.1742 information
183.129 624.721 11.4687 10.1742 but
196.622 624.721 14.6869 10.1742 also
213.342 624.721 19.2452 10.1742 helps
234.611 624.721 26.8303 10.1742 capture
263.465 624.721 11.1405 10.1742 the

72.2164 635.661 34.4336 10.1742 discourse
109.549 635.661 17.3581 10.1742 level
129.806 635.661 45.3280 10.1742 information.
179.829 635.661 18.7438 10.1742 Most
201.472 635.661 7.5942 10.1742 of
211.965 635.661 18.7347 10.1742 these
233.599 635.661 41.0067 10.1742 approaches

72.2164 646.601 12.1525 10.1742 use
87.0309 646.601 11.1405 10.1742 the
100.833 646.601 17.7228 10.1742 local
121.209 646.601 43.0488 10.1742 information
166.920 646.601 7.0928 10.1742 to
176.674 646.601 34.4336 10.1742 compress
213.770 646.601 11.1405 10.1742 the
227.573 646.601 33.6678 10.1742 sentence.
265.206 646.601 9.3993 10.1742 To

72.2164 657.541 19.1085 10.1742 solve
93.4126 657.541 13.1736 10.1742 this
108.664 657.541 20.5125 10.1742 issue,
131.301 657.541 27.2497 10.1742 (Clarke
160.629 657.541 7.0928 10.1742 &
169.810 657.541 27.0856 10.1742 Lapata,
198.974 657.541 21.2691 10.1742 2008)
222.331 657.541 16.7108 10.1742 used
241.129 657.541 11.1405 10.1742 the
254.348 657.541 20.2572 10.1742 unsu-

72.2164 668.481 30.8872 10.1742 pervised
105.948 668.481 29.8753 10.1742 learning
138.658 668.481 20.2572 10.1742 along
161.760 668.481 16.2094 10.1742 with
180.813 668.481 11.1405 10.1742 the
194.789 668.481 42.0278 10.1742 constrained
239.661 668.481 34.9441 10.1742 optimiza-

72.2164 679.421 16.4647 10.1742 tion,
92.0177 679.421 21.7706 10.1742 called
116.915 679.421 25.6816 10.1742 Integer
145.723 679.421 23.7945 10.1742 Linear
172.636 679.421 69.8973 10.1742 Programming(ILP)
245.651 679.421 7.0928 10.1742 to
255.871 679.421 18.7347 10.1742 com-

72.2164 690.362 18.7347 10.1742 press
94.7071 690.362 11.1405 10.1742 the
109.612 690.362 33.6678 10.1742 sentence.
150.537 690.362 18.5980 10.1742 They
172.900 690.362 16.7108 10.1742 used
193.367 690.362 34.4336 10.1742 discourse
231.557 690.362 43.0488 10.1742 information

296.486 132.420 20.2572 10.1742 along
319.852 132.420 16.2094 10.1742 with
339.171 132.420 11.1405 10.1742 the
353.411 132.420 24.3141 10.1742 simple
380.834 132.420 31.3886 10.1742 sentence
415.331 132.420 48.3638 10.1742 compression.
469.001 132.420 29.8753 10.1742 (Sahooa

296.486 143.360 6.5822 10.1742 et
307.244 143.360 11.1405 10.1742 al.,
322.551 143.360 21.2691 10.1742 2018)
347.995 143.360 16.7108 10.1742 used
368.873 143.360 28.8724 10.1742 Support
401.920 143.360 23.7945 10.1742 Vector
429.890 143.360 57.7266 10.1742 Machine(SVM)
491.783 143.360 7.0928 10.1742 to

296.486 154.300 34.4336 10.1742 compress
334.585 154.300 11.1405 10.1742 the
349.390 154.300 34.9350 10.1742 sentences
387.990 154.300 9.1166 10.1742 by
400.781 154.300 14.1855 10.1742 ﬁrst
418.631 154.300 26.8394 10.1742 parsing
449.136 154.300 11.1405 10.1742 the
463.941 154.300 34.9350 10.1742 sentences

296.486 165.240 17.7228 10.1742 from
317.628 165.240 31.3977 10.1742 Stanford
352.444 165.240 22.6458 10.1742 Parser
378.500 165.240 13.1644 10.1742 and
395.083 165.240 15.6989 10.1742 then
414.201 165.240 16.7108 10.1742 used
434.330 165.240 18.7347 10.1742 these
456.474 165.240 23.7945 10.1742 parsed
483.688 165.240 15.1883 10.1742 sen-

296.486 176.181 22.7825 10.1742 tences
321.548 176.181 10.6300 10.1742 for
334.457 176.181 28.3619 10.1742 training
365.098 176.181 31.1425 10.1742 purpose.

305.603 187.120 21.7706 10.1742 (Zajic
331.887 187.120 6.5822 10.1742 et
342.991 187.120 11.1405 10.1742 al.,
358.644 187.120 21.2691 10.1742 2006)
384.435 187.120 37.1048 10.1742 developed
426.053 187.120 8.6061 10.1742 an
439.181 187.120 33.4125 10.1742 approach
477.106 187.120 21.7706 10.1742 called

296.486 198.060 42.5474 10.1742 TRIMMER
344.404 198.060 7.0928 10.1742 to
356.875 198.060 34.4336 10.1742 compress
396.678 198.060 11.1405 10.1742 the
413.198 198.060 34.9350 10.1742 sentences
453.502 198.060 10.6300 10.1742 for
469.511 198.060 29.3647 10.1742 creating

296.486 209.000 58.2463 10.1742 multi-document
357.504 209.000 41.7816 10.1742 summaries.
403.598 209.000 18.5980 10.1742 They
424.967 209.000 30.8963 10.1742 trimmed
458.635 209.000 11.1405 10.1742 the
472.547 209.000 26.3289 10.1742 syntac-

296.486 219.940 9.1166 10.1742 tic
309.596 219.940 43.5593 10.1742 constituents
357.149 219.940 7.5942 10.1742 of
368.727 219.940 11.1405 10.1742 the
383.860 219.940 31.3886 10.1742 sentence
419.242 219.940 10.1377 10.1742 till
433.373 219.940 15.5621 10.1742 they
452.919 219.940 19.7375 10.1742 reach
476.650 219.940 7.0928 10.1742 to
487.735 219.940 11.1405 10.1742 the

296.486 230.881 33.9322 10.1742 threshold
332.233 230.881 18.7438 10.1742 point
352.791 230.881 13.1644 10.1742 and
367.769 230.881 15.6989 10.1742 then
385.283 230.881 29.3647 10.1742 selected
416.462 230.881 11.1405 10.1742 the
429.416 230.881 34.9350 10.1742 sentences
466.165 230.881 16.2094 10.1742 with
484.189 230.881 14.6869 10.1742 best

296.486 241.821 18.2333 10.1742 topic
317.281 241.821 34.9076 10.1742 coverage.
355.863 241.821 13.1736 10.1742 But
371.598 241.821 16.7108 10.1742 their
390.871 241.821 45.5832 10.1742 applicability
439.016 241.821 6.0808 10.1742 is
447.659 241.821 25.8366 10.1742 limited
476.057 241.821 7.0928 10.1742 to
485.712 241.821 13.1644 10.1742 En-

296.486 252.761 17.7319 10.1742 glish
316.789 252.761 16.2094 10.1742 only
335.560 252.761 13.1644 10.1742 and
351.296 252.761 18.7347 10.1742 lacks
372.601 252.761 7.0928 10.1742 in
382.256 252.761 20.2572 10.1742 terms
405.084 252.761 7.5942 10.1742 of
415.249 252.761 25.8366 10.1742 ﬁnding
443.647 252.761 11.1405 10.1742 the
457.359 252.761 41.5172 10.1742 appropriate

296.486 263.700 37.2142 10.1742 sentences.

305.603 274.640 22.2811 10.1742 (Mani
330.857 274.640 6.5822 10.1742 et
340.411 274.640 11.1405 10.1742 al.,
354.523 274.640 21.2691 10.1742 2010)
378.755 274.640 37.4694 10.1742 conducted
419.197 274.640 8.6061 10.1742 an
430.775 274.640 40.8791 10.1742 experiment
474.626 274.640 7.0928 10.1742 to
484.691 274.640 14.1855 10.1742 ﬁnd

296.486 285.580 15.4710 10.1742 how
313.872 285.580 11.1405 10.1742 the
326.936 285.580 30.8872 10.1742 machine
359.738 285.580 29.8753 10.1742 learning
391.537 285.580 39.0010 10.1742 algorithms
432.452 285.580 18.6435 10.1742 work
453.010 285.580 7.0928 10.1742 to
462.027 285.580 23.7945 10.1742 decide
487.735 285.580 11.1405 10.1742 the

296.486 296.521 36.9589 10.1742 predicates
335.232 296.521 7.0928 10.1742 to
344.103 296.521 8.6061 10.1742 be
354.496 296.521 21.7706 10.1742 added
378.053 296.521 7.0928 10.1742 to
386.924 296.521 11.1405 10.1742 the
399.851 296.521 31.3886 10.1742 sentence
433.026 296.521 36.4575 10.1742 fragments
471.262 296.521 7.0928 10.1742 to
480.141 296.521 18.7347 10.1742 com-

296.486 307.461 15.6989 10.1742 bine
314.984 307.461 18.2333 10.1742 them
336.016 307.461 29.8753 10.1742 together
368.690 307.461 7.0928 10.1742 to
378.591 307.461 21.7614 10.1742 create
403.151 307.461 4.0478 10.1742 a
409.998 307.461 52.1563 10.1742 non-extractive
464.953 307.461 33.9230 10.1742 sentence;

296.486 318.401 13.1644 10.1742 and
312.131 318.401 21.2691 10.1742 found
335.889 318.401 13.6750 10.1742 that
352.043 318.401 19.7558 10.1742 SVM
374.279 318.401 22.1899 10.1742 works
398.948 318.401 39.4933 10.1742 reasonably
440.931 318.401 15.6989 10.1742 well
459.109 318.401 7.0928 10.1742 in
468.682 318.401 30.1943 10.1742 compar-

296.486 329.341 15.1975 10.1742 ison
313.854 329.341 7.0928 10.1742 to
323.107 329.341 18.7347 10.1742 other
344.012 329.341 38.2352 10.1742 classiﬁers.
385.036 329.341 32.9111 10.1742 (Napoles
420.108 329.341 6.5822 10.1742 et
428.860 329.341 11.1405 10.1742 al.,
442.161 329.341 21.2691 10.1742 2011)
465.600 329.341 33.2758 10.1742 extracted

296.486 340.280 11.1405 10.1742 the
310.535 340.280 10.1286 10.1742 set
323.572 340.280 7.5942 10.1742 of
334.074 340.280 43.0306 10.1742 paraphrases
380.013 340.280 13.6750 10.1742 that
396.587 340.280 37.9891 10.1742 minimizes
437.485 340.280 11.1405 10.1742 the
451.533 340.280 22.7916 10.1742 length
477.233 340.280 7.5942 10.1742 of
487.735 340.280 11.1405 10.1742 the

296.486 351.220 33.6678 10.1742 sentence.
333.801 351.220 26.3289 10.1742 (Zhang
362.682 351.220 6.5822 10.1742 et
371.817 351.220 11.1405 10.1742 al.,
385.510 351.220 21.2691 10.1742 2016)
409.332 351.220 16.7108 10.1742 used
428.596 351.220 25.6816 10.1742 Integer
456.830 351.220 23.7945 10.1742 Linear
483.177 351.220 15.6989 10.1742 Pro-

296.486 362.161 37.4785 10.1742 gramming
336.244 362.161 7.0928 10.1742 to
345.616 362.161 30.8781 10.1742 generate
378.773 362.161 11.1405 10.1742 the
392.193 362.161 34.9350 10.1742 sentences
429.407 362.161 10.6300 10.1742 for
442.316 362.161 11.1405 10.1742 the
455.736 362.161 35.6187 10.1742 summary.

305.603 373.101 31.8992 10.1742 Machine
339.463 373.101 29.8753 10.1742 learning
371.289 373.101 26.3380 10.1742 models
399.587 373.101 19.7467 10.1742 alone
421.285 373.101 16.8932 10.1742 have
440.138 373.101 11.6511 10.1742 not
453.740 373.101 32.0359 10.1742 achieved
487.736 373.101 11.1405 10.1742 the

296.486 384.041 16.7108 10.1742 state
316.060 384.041 7.5942 10.1742 of
326.517 384.041 9.6181 10.1742 art
339.006 384.041 11.4687 10.1742 but
353.338 384.041 19.7467 10.1742 when
375.947 384.041 16.7108 10.1742 used
395.521 384.041 16.2094 10.1742 with
414.593 384.041 11.1405 10.1742 the
428.605 384.041 26.3380 10.1742 models
457.806 384.041 13.5838 10.1742 like
474.252 384.041 24.6241 10.1742 Recur-

296.486 394.981 14.1764 10.1742 rent
313.070 394.981 24.8064 10.1742 Neural
340.283 394.981 35.3544 10.1742 Networks
378.044 394.981 27.5961 10.1742 (RNN),
408.047 394.981 16.8932 10.1742 have
427.347 394.981 19.8925 10.1742 given
449.646 394.981 16.0635 10.1742 very
468.116 394.981 18.2333 10.1742 good
488.757 394.981 10.1195 10.1742 re-

296.486 405.921 18.9991 10.1742 sults.
320.491 405.921 18.7438 10.1742 Most
342.234 405.921 7.5942 10.1742 of
352.836 405.921 11.1405 10.1742 the
366.976 405.921 46.0847 10.1742 compression
416.069 405.921 38.9919 10.1742 techniques
458.061 405.921 26.6662 10.1742 involve
487.735 405.921 11.1405 10.1742 the

296.486 416.860 38.9919 10.1742 processing
339.207 416.860 7.5942 10.1742 of
350.521 416.860 32.4097 10.1742 syntactic
386.659 416.860 45.3280 10.1742 information,
436.081 416.860 37.6244 10.1742 (Filippova
477.425 416.860 6.5822 10.1742 et
487.735 416.860 11.1405 10.1742 al.,

296.486 427.801 21.2691 10.1742 2015)
322.268 427.801 16.8932 10.1742 have
343.665 427.801 33.4216 10.1742 proposed
381.599 427.801 8.6061 10.1742 an
394.709 427.801 33.4125 10.1742 approach
432.634 427.801 22.2811 10.1742 which
459.419 427.801 15.6989 10.1742 uses
479.631 427.801 19.2452 10.1742 RNN

296.486 438.741 20.7586 10.1742 based
320.563 438.741 19.2452 10.1742 Long
343.136 438.741 19.1085 10.1742 Term
365.563 438.741 19.7558 10.1742 Short
388.637 438.741 31.3977 10.1742 Memory
423.354 438.741 27.3499 10.1742 Models
454.031 438.741 7.0928 10.1742 to
464.442 438.741 34.4336 10.1742 compress

296.486 449.681 11.1405 10.1742 the
310.927 449.681 33.6678 10.1742 sentence.
350.493 449.681 18.5980 10.1742 They
372.392 449.681 25.3169 10.1742 trained
401.018 449.681 11.1405 10.1742 the
415.459 449.681 22.7916 10.1742 model
441.551 449.681 9.1166 10.1742 by
453.967 449.681 19.7649 10.1742 using
477.033 449.681 4.0478 10.1742 a
484.381 449.681 14.4955 10.1742 cor-

296.486 460.621 12.6630 10.1742 pus
312.769 460.621 7.5942 10.1742 of
323.982 460.621 52.6669 10.1742 approximately
380.268 460.621 4.5583 10.1742 2
388.446 460.621 26.3471 10.1742 million
418.412 460.621 37.2142 10.1742 sentences.
462.473 460.621 18.5980 10.1742 They
484.691 460.621 14.1855 10.1742 ﬁrst

296.486 471.561 23.7945 10.1742 parsed
322.259 471.561 11.1405 10.1742 the
335.378 471.561 33.6678 10.1742 sentence,
371.088 471.561 15.6989 10.1742 then
388.765 471.561 26.3198 10.1742 created
417.072 471.561 11.1405 10.1742 the
430.191 471.561 40.5144 10.1742 embedding
472.684 471.561 26.1921 10.1742 vectors

296.486 482.501 7.5942 10.1742 of
306.141 482.501 13.6750 10.1742 518
321.885 482.501 41.5355 10.1742 dimensions
365.481 482.501 14.1764 10.1742 size
381.718 482.501 10.6300 10.1742 for
394.417 482.501 11.1405 10.1742 the
407.618 482.501 31.3886 10.1742 sentence
441.067 482.501 9.1166 10.1742 by
452.253 482.501 19.7558 10.1742 using
474.070 482.501 24.8064 10.1742 depen-

296.486 493.441 21.6338 10.1742 dency
321.475 493.441 13.6659 10.1742 tree
338.487 493.441 31.3977 10.1742 obtained
373.239 493.441 9.1166 10.1742 by
385.702 493.441 29.1186 10.1742 parsing,
418.440 493.441 13.1644 10.1742 and
434.959 493.441 15.6989 10.1742 then
454.004 493.441 30.3767 10.1742 decoded
487.735 493.441 11.1405 10.1742 the

296.486 504.381 33.4125 10.1742 sequence
332.999 504.381 9.1166 10.1742 by
345.224 504.381 19.7558 10.1742 using
368.079 504.381 19.7467 10.1742 beam
390.926 504.381 23.2839 10.1742 search
417.318 504.381 38.7275 10.1742 procedure.
461.343 504.381 19.7467 10.1742 Their
484.189 504.381 14.6869 10.1742 sys-

296.486 515.321 13.6750 10.1742 tem
313.298 515.321 32.0359 10.1742 achieved
348.470 515.321 11.1405 10.1742 the
362.746 515.321 38.9919 10.1742 readability
404.874 515.321 19.2361 10.1742 score
427.247 515.321 7.5942 10.1742 of
437.968 515.321 11.3958 10.1742 4.5
452.500 515.321 11.6511 10.1742 out
467.287 515.321 7.5942 10.1742 of
478.017 515.321 4.5583 10.1742 5
485.712 515.321 13.1644 10.1742 and

296.486 526.261 11.1405 10.1742 the
310.444 526.261 42.1736 10.1742 informative
355.435 526.261 19.2361 10.1742 score
377.488 526.261 7.5942 10.1742 of
387.899 526.261 11.3958 10.1742 3.8
402.112 526.261 11.6511 10.1742 out
416.580 526.261 7.5942 10.1742 of
426.991 526.261 6.8375 10.1742 5.
438.269 526.261 13.1644 10.1742 (Yu
454.250 526.261 6.5822 10.1742 et
463.649 526.261 11.1405 10.1742 al.,
477.607 526.261 21.2691 10.1742 2018)

296.486 537.201 16.7108 10.1742 used
316.297 537.201 16.2094 10.1742 both
335.606 537.201 11.1405 10.1742 the
349.846 537.201 45.5650 10.1742 delete-based
398.502 537.201 13.1644 10.1742 and
414.766 537.201 54.6725 10.1742 generate-based
472.538 537.201 26.3380 10.1742 models

296.486 548.142 20.2572 10.1742 along
319.834 548.142 16.2094 10.1742 with
339.134 548.142 11.1405 10.1742 the
353.374 548.142 31.9083 10.1742 Seq2Seq
388.373 548.142 71.9121 10.1742 model(bidirectional
463.376 548.142 19.2452 10.1742 RNN
485.712 548.142 13.1644 10.1742 and

296.486 559.081 21.7706 10.1742 Gated
320.308 559.081 35.9469 10.1742 Recurrent
358.297 559.081 22.0349 10.1742 Units,
382.429 559.081 21.9164 10.1742 GRU)
406.397 559.081 7.0928 10.1742 to
415.541 559.081 34.4336 10.1742 compress
452.016 559.081 11.1405 10.1742 the
465.208 559.081 33.6678 10.1742 sentence.

296.486 579.731 13.6750 10.0283 3.2.
314.720 579.731 30.3858 10.0283 Concept
347.385 579.731 54.5631 10.0283 Generalization
404.227 579.731 13.6750 10.0283 and
420.181 579.731 25.3261 10.0283 Fusion

305.603 591.901 17.7136 10.1742 Here
326.180 591.901 11.1405 10.1742 the
340.174 591.901 30.7918 10.1742 diﬀerent
373.828 591.901 31.8992 10.1742 concepts
408.581 591.901 35.9469 10.1742 appearing
447.390 591.901 7.0928 10.1742 in
457.346 591.901 11.1405 10.1742 the
471.349 591.901 13.5382 10.1742 text
487.741 591.901 11.1314 10.1742 are

296.486 602.841 30.8781 10.1742 replaced
330.601 602.841 16.2094 10.1742 with
350.038 602.841 13.1644 10.1742 one
366.438 602.841 28.3528 10.1742 concept
398.028 602.841 22.2811 10.1742 which
423.545 602.841 6.0808 10.1742 is
432.853 602.841 11.1405 10.1742 the
447.230 602.841 51.6458 10.1742 generalization

296.486 613.782 7.5942 10.1742 of
306.187 613.782 9.1166 10.1742 all
317.400 613.782 11.1405 10.1742 the
330.646 613.782 34.1783 10.1742 concepts.
367.587 613.782 5.5703 10.1742 It
375.263 613.782 19.2452 10.1742 helps
396.605 613.782 7.0928 10.1742 in
405.804 613.782 31.8992 10.1742 reducing
439.800 613.782 11.1405 10.1742 the
453.047 613.782 15.8174 10.1742 text.
471.626 613.782 27.2497 10.1742 (Belke-

296.486 624.722 10.1286 10.1742 bir
309.842 624.722 7.0928 10.1742 &
320.153 624.722 40.7697 10.1742 Guessoum,
364.150 624.722 21.2691 10.1742 2016)
388.637 624.722 37.9708 10.1742 performed
429.836 624.722 11.1405 10.1742 the
444.194 624.722 28.3528 10.1742 concept
475.774 624.722 23.1016 10.1742 gener-

296.486 635.661 31.3977 10.1742 alization
331.166 635.661 9.1166 10.1742 by
343.565 635.661 19.7558 10.1742 using
366.603 635.661 33.1937 10.1742 WordNet
403.078 635.661 30.1214 10.1742 corpora.
439.025 635.661 18.5980 10.1742 They
460.905 635.661 37.9708 10.1742 performed

296.486 646.601 13.1736 10.1742 this
312.605 646.601 9.1166 10.1742 by
324.666 646.601 25.8366 10.1742 ﬁnding
353.447 646.601 11.1405 10.1742 the
367.523 646.601 48.6009 10.1742 generalizable
419.069 646.601 34.9350 10.1742 sentences
456.949 646.601 9.1166 10.1742 by
469.010 646.601 29.8661 10.1742 generat-

296.486 657.541 11.6511 10.1742 ing
310.280 657.541 11.1405 10.1742 the
323.563 657.541 45.9023 10.1742 hyperonymy
371.598 657.541 19.2452 10.1742 paths
392.986 657.541 7.5942 10.1742 of
402.723 657.541 31.8992 10.1742 concepts
436.764 657.541 7.0928 10.1742 in
445.990 657.541 4.0478 10.1742 a
452.181 657.541 31.3886 10.1742 sentence
485.712 657.541 13.1644 10.1742 and

296.486 668.481 15.6989 10.1742 then
315.303 668.481 31.8992 10.1742 reducing
350.320 668.481 11.1405 10.1742 the
364.579 668.481 14.1764 10.1742 size
381.873 668.481 7.5942 10.1742 of
392.576 668.481 48.6009 10.1742 generalizable
444.295 668.481 32.5282 10.1742 versions.
482.165 668.481 16.7108 10.1742 Sen-

296.486 679.422 19.2361 10.1742 tence
318.950 679.422 24.8246 10.1742 Fusion
347.002 679.422 6.0808 10.1742 is
356.310 679.422 14.6869 10.1742 also
374.224 679.422 16.7108 10.1742 used
394.162 679.422 7.0928 10.1742 to
404.473 679.422 21.7614 10.1742 create
429.462 679.422 11.1405 10.1742 the
443.830 679.422 41.7816 10.1742 summaries.
491.282 679.422 7.5942 10.1742 In

296.486 690.362 31.3886 10.1742 sentence
331.066 690.362 25.0799 10.1742 fusion,
359.565 690.362 11.1405 10.1742 the
373.905 690.362 24.8064 10.1742 related
401.902 690.362 34.9350 10.1742 sentences
440.037 690.362 11.1314 10.1742 are
454.359 690.362 19.8925 10.1742 given
477.452 690.362 7.0928 10.1742 to
487.735 690.362 11.1405 10.1742 the

280.988 706.772 9.1166 10.1742 11

210.051 21.8897 72.3402 12.7684 ACCEPTED
285.891 21.8897 90.2327 12.7684 MANUSCRIPT

54.9470 623.773 45.6014 26.4027 A
79.5679 599.382 45.6014 24.3914 C
102.313 574.991 45.6014 24.3914 C
125.058 552.647 45.6014 22.3435 E
145.894 532.315 45.6014 20.3323 P
164.854 509.971 45.6014 22.3435 T
185.689 487.628 45.6014 22.3435 E
206.525 461.225 45.6014 26.4027 D

239.671 419.573 45.6014 32.5097 M

269.987 393.171 45.6014 26.4027 A
294.608 366.768 45.6014 26.4027 N
319.229 340.365 45.6014 26.4027 U
343.850 320.033 45.6014 20.3323 S
362.810 295.642 45.6014 24.3914 C
385.555 271.250 45.6014 24.3914 R
408.300 259.073 45.6014 12.1774 I
419.656 238.741 45.6014 20.3323 P
438.616 216.397 45.6014 22.3435 T

72.2164 132.420 25.3261 10.1742 system
100.888 132.420 7.5942 10.1742 as
111.837 132.420 8.6061 10.1742 an
123.789 132.420 21.0230 10.1742 input,
148.431 132.420 43.4044 10.1742 dependency
195.190 132.420 35.4455 10.1742 structures
233.982 132.420 7.5942 10.1742 of
244.931 132.420 11.1405 10.1742 the
259.417 132.420 15.1883 10.1742 sen-

72.2164 143.360 22.7825 10.1742 tences
97.6336 143.360 11.1314 10.1742 are
111.408 143.360 26.8394 10.1742 aligned
140.883 143.360 7.0928 10.1742 to
150.610 143.360 14.1855 10.1742 ﬁnd
167.430 143.360 11.1405 10.1742 the
181.215 143.360 31.9083 10.1742 common
215.758 143.360 43.0488 10.1742 information
261.441 143.360 13.1644 10.1742 and

72.2164 154.300 15.6989 10.1742 then
91.2975 154.300 9.1166 10.1742 on
103.796 154.300 11.1405 10.1742 the
118.319 154.300 18.2333 10.1742 basis
139.934 154.300 7.5942 10.1742 of
150.911 154.300 38.7458 10.1742 alignment,
193.321 154.300 22.7916 10.1742 fusion
219.495 154.300 13.6659 10.1742 tree
236.543 154.300 6.0808 10.1742 is
246.007 154.300 28.5989 10.1742 created.

72.2164 165.240 42.5474 10.1742 Alignments
117.717 165.240 12.6539 10.1742 can
133.325 165.240 8.6061 10.1742 be
144.885 165.240 26.3198 10.1742 created
174.158 165.240 6.5822 10.1742 at
183.694 165.240 41.3167 10.1742 word-level,
228.138 165.240 46.4676 10.1742 phrase-level,

72.2164 176.180 56.1039 10.1742 substring-level,
132.477 176.180 10.6300 10.1742 etc
146.890 176.180 11.4687 10.1742 but
162.133 176.180 10.6300 10.1742 for
176.547 176.180 11.1405 10.1742 the
191.471 176.180 22.7916 10.1742 fusion
218.037 176.180 31.1425 10.1742 purpose,
253.336 176.180 21.2691 10.1742 align-

72.2164 187.120 18.2333 10.1742 ment
92.3003 187.120 6.5822 10.1742 at
100.724 187.120 60.1061 10.1742 dependency-tree
162.680 187.120 17.3581 10.1742 level
181.889 187.120 6.0808 10.1742 is
189.812 187.120 39.4933 10.1742 considered
231.156 187.120 16.9661 10.1742 best.
250.802 187.120 23.8036 10.1742 Align-

72.2164 198.060 18.2333 10.1742 ment
92.2730 198.060 19.2452 10.1742 helps
113.332 198.060 40.0039 10.1742 understand
155.159 198.060 15.4710 10.1742 how
172.444 198.060 11.1405 10.1742 the
185.408 198.060 22.1899 10.1742 words
209.412 198.060 11.1314 10.1742 are
222.367 198.060 24.8064 10.1742 related
248.988 198.060 7.0928 10.1742 to
257.904 198.060 16.7017 10.1742 each

72.2164 209.000 20.5125 10.1742 other.
95.4638 209.000 14.1764 10.1742 The
111.655 209.000 14.6869 10.1742 best
128.356 209.000 19.2452 10.1742 paths
149.616 209.000 11.1314 10.1742 are
162.762 209.000 31.3977 10.1742 obtained
196.175 209.000 17.7228 10.1742 from
215.913 209.000 11.1405 10.1742 the
229.068 209.000 17.2122 10.1742 trees
248.295 209.000 13.1644 10.1742 and
263.474 209.000 11.1314 10.1742 are

72.2164 219.940 11.6420 10.1742 fed
85.6725 219.940 7.0928 10.1742 to
94.5886 219.940 11.1405 10.1742 the
107.543 219.940 27.3408 10.1742 Natural
136.707 219.940 35.9469 10.1742 Language
174.468 219.940 40.5053 10.1742 Generation
216.788 219.940 25.3261 10.1742 system
243.937 219.940 7.0928 10.1742 to
252.844 219.940 21.7614 10.1742 create

72.2164 230.880 11.1405 10.1742 the
85.6361 230.880 16.2094 10.1742 ﬁnal
104.124 230.880 31.3886 10.1742 sentence
137.792 230.880 24.3050 10.1742 (Marsi
164.376 230.880 7.0928 10.1742 &
173.748 230.880 37.7156 10.1742 Krahmer).

81.3334 241.820 33.9230 10.1742 (Barzilay
118.492 241.820 7.0928 10.1742 &
128.822 241.820 40.3047 10.1742 McKeown,
172.363 241.820 21.2691 10.1742 2005)
196.877 241.820 16.7108 10.1742 used
216.825 241.820 11.1405 10.1742 the
231.202 241.820 43.4044 10.1742 dependency

72.2164 252.761 17.2122 10.1742 trees
93.3214 252.761 10.6300 10.1742 for
107.844 252.761 11.1405 10.1742 the
122.877 252.761 22.7916 10.1742 fusion
149.562 252.761 7.5942 10.1742 of
161.058 252.761 34.9350 10.1742 sentences
199.885 252.761 7.0928 10.1742 to
210.871 252.761 21.7614 10.1742 create
236.525 252.761 11.1405 10.1742 the
251.559 252.761 23.0469 10.1742 ﬂuent,

72.2164 263.700 52.6669 10.1742 grammatically
127.891 263.700 25.3078 10.1742 correct
156.208 263.700 13.1644 10.1742 and
172.371 263.700 53.1683 10.1742 non-redundant
228.548 263.700 33.9322 10.1742 summary
265.489 263.700 9.1166 10.1742 by

72.2164 274.640 30.3949 10.1742 utilizing
106.376 274.640 11.1405 10.1742 the
121.282 274.640 30.8872 10.1742 property
155.943 274.640 7.5942 10.1742 of
167.303 274.640 31.9083 10.1742 common
202.976 274.640 43.0488 10.1742 information
249.790 274.640 24.8155 10.1742 among

72.2164 285.580 11.1405 10.1742 the
87.8241 285.580 37.2142 10.1742 sentences.
134.428 285.580 18.5980 10.1742 They
157.493 285.580 26.3198 10.1742 created
188.280 285.580 11.1405 10.1742 the
203.888 285.580 22.7916 10.1742 fusion
231.146 285.580 25.8275 10.1742 lattices
261.441 285.580 13.1644 10.1742 and

72.2164 296.520 35.9469 10.1742 linearized
112.612 296.520 18.2333 10.1742 them
135.294 296.520 9.1166 10.1742 by
148.860 296.520 19.7558 10.1742 using
173.055 296.520 25.3169 10.1742 natural
202.821 296.520 32.9111 10.1742 language
240.181 296.520 34.4245 10.1742 generator

72.2164 307.460 49.0930 10.1742 FUF/SURGE
124.591 307.460 7.0928 10.1742 to
134.966 307.460 21.7614 10.1742 create
160.009 307.460 11.1405 10.1742 the
174.432 307.460 16.2094 10.1742 ﬁnal
193.932 307.460 37.2142 10.1742 sentences.
236.981 307.460 37.6244 10.1742 (Filippova

72.2164 318.401 7.0928 10.1742 &
81.4971 318.401 26.0827 10.1742 Strube,
109.758 318.401 21.2691 10.1742 2008)
133.215 318.401 26.3198 10.1742 created
161.723 318.401 11.1405 10.1742 the
175.043 318.401 58.2463 10.1742 multi-document
235.477 318.401 39.1287 10.1742 abstractive

72.2164 329.341 39.5024 10.1742 summaries
115.164 329.341 10.6300 10.1742 for
129.250 329.341 29.3647 10.1742 German
162.060 329.341 42.5383 10.1742 biographies
208.045 329.341 9.1166 10.1742 by
220.608 329.341 19.7558 10.1742 using
243.819 329.341 11.1405 10.1742 the
258.405 329.341 16.2003 10.1742 con-

72.2164 340.280 15.1883 10.1742 cept
90.2764 340.280 7.5942 10.1742 of
100.751 340.280 31.3886 10.1742 sentence
135.011 340.280 25.0708 10.1742 fusion.
164.704 340.280 18.5980 10.1742 They
186.174 340.280 16.7108 10.1742 used
205.766 340.280 42.1736 10.1742 informative
250.811 340.280 23.7945 10.1742 phrase

72.2164 351.220 30.2217 10.1742 merging
105.136 351.220 13.1644 10.1742 and
120.990 351.220 28.3619 10.1742 pruning
152.050 351.220 20.2572 10.1742 along
175.006 351.220 16.2094 10.1742 with
193.914 351.220 11.1405 10.1742 the
207.744 351.220 43.4044 10.1742 dependency
253.847 351.220 20.7586 10.1742 struc-

72.2164 362.160 14.1764 10.1742 ture
88.7266 362.160 36.4666 10.1742 alignment
127.527 362.160 7.0928 10.1742 to
136.953 362.160 21.7614 10.1742 create
161.049 362.160 11.1405 10.1742 the
174.532 362.160 41.7816 10.1742 summaries.
219.304 362.160 32.9111 10.1742 (Mehdad
254.549 362.160 6.5822 10.1742 et
263.465 362.160 11.1405 10.1742 al.,

72.2164 373.100 21.2691 10.1742 2013)
95.5641 373.100 16.5376 10.1742 built
114.189 373.100 8.6061 10.1742 an
124.874 373.100 38.4905 10.1742 entailment
165.452 373.100 20.7586 10.1742 graph
188.289 373.100 10.6300 10.1742 for
201.007 373.100 11.1405 10.1742 the
214.226 373.100 34.9350 10.1742 sentences
251.249 373.100 7.0928 10.1742 to
260.420 373.100 14.1855 10.1742 ﬁnd

72.2164 384.041 11.6511 10.1742 out
86.1284 384.041 11.1405 10.1742 the
99.5389 384.041 17.7319 10.1742 most
119.531 384.041 28.9089 10.1742 relevant
150.710 384.041 37.2142 10.1742 sentences,
190.185 384.041 13.1644 10.1742 and
205.620 384.041 15.6989 10.1742 then
223.580 384.041 16.7108 10.1742 used
242.560 384.041 11.1405 10.1742 the
255.962 384.041 18.6435 10.1742 word

72.2164 394.981 24.3050 10.1742 graphs
100.323 394.981 20.2572 10.1742 along
124.381 394.981 16.2094 10.1742 with
144.392 394.981 11.1405 10.1742 the
159.335 394.981 51.6458 10.1742 generalization
214.782 394.981 13.1644 10.1742 and
231.748 394.981 42.8574 10.1742 aggregation

72.2164 405.921 7.0928 10.1742 to
81.9894 405.921 31.3977 10.1742 combine
116.076 405.921 11.1405 10.1742 the
129.897 405.921 34.9350 10.1742 sentences
167.512 405.921 7.0928 10.1742 to
177.285 405.921 17.7228 10.1742 form
197.697 405.921 11.1405 10.1742 the
211.518 405.921 42.1736 10.1742 informative
256.372 405.921 18.2333 10.1742 sum-

72.2164 416.860 26.5841 10.1742 maries.
101.672 416.860 34.3424 10.1742 (Belkebir
138.312 416.860 7.0928 10.1742 &
147.693 416.860 40.7697 10.1742 Guessoum,
190.760 416.860 21.2691 10.1742 2016)
214.326 416.860 16.7108 10.1742 used
233.325 416.860 28.3528 10.1742 concept
263.975 416.860 10.6300 10.1742 fu-

72.2164 427.800 15.1975 10.1742 sion
90.6137 427.800 7.0928 10.1742 to
100.906 427.800 21.7614 10.1742 create
125.867 427.800 11.1405 10.1742 the
140.208 427.800 40.2409 10.1742 text-to-text
183.649 427.800 38.4814 10.1742 generation
225.330 427.800 35.4455 10.1742 technique
263.975 427.800 10.6300 10.1742 for

72.2164 438.741 29.3647 10.1742 creating
103.896 438.741 11.1405 10.1742 the
117.343 438.741 39.1287 10.1742 abstractive
158.788 438.741 41.7816 10.1742 summaries.
203.496 438.741 13.1736 10.1742 But
218.985 438.741 15.5621 10.1742 they
236.853 438.741 19.7467 10.1742 alone
258.916 438.741 15.6898 10.1742 can-

72.2164 449.681 11.6511 10.1742 not
87.4047 449.681 21.7614 10.1742 create
112.703 449.681 4.0478 10.1742 a
120.288 449.681 18.2333 10.1742 good
142.059 449.681 33.9322 10.1742 summary
179.537 449.681 13.1644 10.1742 due
196.239 449.681 7.0928 10.1742 to
206.869 449.681 11.1405 10.1742 the
221.547 449.681 13.5747 10.1742 fact
238.659 449.681 13.6750 10.1742 that
255.871 449.681 18.7347 10.1742 iden-

72.2164 460.621 24.3141 10.1742 tifying
100.113 460.621 11.1405 10.1742 the
114.845 460.621 31.9083 10.1742 common
150.336 460.621 36.4575 10.1742 fragments
190.386 460.621 6.0808 10.1742 is
200.050 460.621 4.0478 10.1742 a
207.680 460.621 11.6511 10.1742 big
222.923 460.621 34.9350 10.1742 challenge
261.441 460.621 13.1644 10.1742 and

72.2164 471.561 15.6989 10.1742 then
91.1881 471.561 19.7558 10.1742 using
114.207 471.561 11.1405 10.1742 the
128.621 471.561 22.7916 10.1742 fusion
154.685 471.561 22.2811 10.1742 lattice
180.230 471.561 7.0928 10.1742 to
190.596 471.561 31.3977 10.1742 combine
225.257 471.561 11.1405 10.1742 the
239.671 471.561 34.9350 10.1742 sentences

72.2164 482.501 7.0928 10.1742 to
82.7187 482.501 17.7228 10.1742 form
103.842 482.501 11.1405 10.1742 the
118.392 482.501 52.6669 10.1742 grammatically
174.459 482.501 25.3078 10.1742 correct
203.177 482.501 31.3886 10.1742 sentence
237.966 482.501 6.0808 10.1742 is
247.456 482.501 19.7011 10.1742 again
270.558 482.501 4.0478 10.1742 a

72.2164 493.440 31.2610 10.1742 complex
106.476 493.440 32.6650 10.1742 problem.
144.137 493.440 17.2213 10.1742 Also
164.367 493.440 11.1405 10.1742 the
178.507 493.440 33.4125 10.1742 approach
214.919 493.440 12.1525 10.1742 has
230.080 493.440 11.1405 10.1742 the
244.220 493.440 30.3858 10.1742 problem

72.2164 504.381 7.5942 10.1742 of
82.4543 504.381 76.0602 10.1742 referring-expression.
162.443 504.381 32.0906 10.1742 (Konstas
197.178 504.381 6.5822 10.1742 et
206.404 504.381 11.1405 10.1742 al.,
220.197 504.381 21.2691 10.1742 2017)
244.110 504.381 16.7108 10.1742 used
263.465 504.381 11.1405 10.1742 the

72.2164 515.321 25.6816 10.1742 Integer
100.013 515.321 23.7945 10.1742 Linear
125.931 515.321 69.8882 10.1742 Programming(ILP)
197.934 515.321 7.0928 10.1742 to
207.142 515.321 14.1855 10.1742 ﬁnd
223.443 515.321 13.1644 10.1742 and
238.731 515.321 22.6184 10.1742 merge
263.465 515.321 11.1405 10.1742 the

72.2164 526.261 42.1736 10.1742 informative
117.672 526.261 27.3408 10.1742 phrases
148.294 526.261 7.0928 10.1742 to
158.669 526.261 22.7916 10.1742 obtain
184.734 526.261 11.1405 10.1742 the
199.156 526.261 22.7916 10.1742 global
225.230 526.261 27.8605 10.1742 optimal
256.372 526.261 18.2333 10.1742 solu-

72.2164 537.201 16.4647 10.1742 tion.

72.2164 558.306 20.5125 10.0283 3.2.1.
97.2871 558.306 49.6493 10.0283 Paraphrasing

81.3334 570.021 36.9680 10.1742 Replacing
121.227 570.021 11.1405 10.1742 the
135.294 570.021 27.3408 10.1742 phrases
165.562 570.021 16.2094 10.1742 with
184.707 570.021 25.3169 10.1742 shorter
212.950 570.021 43.0306 10.1742 paraphrases
258.907 570.021 15.6989 10.1742 help

72.2164 580.961 24.2959 10.1742 reduce
101.225 580.961 11.1405 10.1742 the
117.079 580.961 22.7916 10.1742 length
144.584 580.961 7.5942 10.1742 of
156.891 580.961 28.3619 10.1742 original
189.967 580.961 13.5382 10.1742 text
208.218 580.961 33.9230 10.1742 (Barzilay
246.854 580.961 7.0928 10.1742 &
258.660 580.961 15.9450 10.1742 Lee,

72.2164 591.901 28.1066 10.1742 2003b).
103.003 591.901 39.8580 10.1742 Paraphrase
144.702 591.901 33.4216 10.1742 detection
179.956 591.901 13.1644 10.1742 and
194.962 591.901 25.8366 10.1742 ﬁnding
222.631 591.901 38.4905 10.1742 entailment
262.964 591.901 11.6420 10.1742 be-

72.2164 602.841 21.7706 10.1742 tween
96.3299 602.841 11.1405 10.1742 the
109.804 602.841 27.3408 10.1742 phrases
139.488 602.841 13.1644 10.1742 and
154.986 602.841 11.1405 10.1742 the
168.469 602.841 34.9350 10.1742 sentences
205.747 602.841 6.0808 10.1742 is
214.162 602.841 11.6511 10.1742 not
228.156 602.841 8.6061 10.1742 an
239.096 602.841 16.2003 10.1742 easy
257.639 602.841 16.9661 10.1742 task.

72.2164 613.781 28.8633 10.1742 (COHN
103.705 613.781 7.0928 10.1742 &
113.414 613.781 35.5367 10.1742 LAPATA,
151.576 613.781 21.2691 10.1742 2013)
175.462 613.781 16.7108 10.1742 used
194.798 613.781 11.1405 10.1742 the
208.555 613.781 51.7826 10.1742 sentence-level
262.964 613.781 11.6420 10.1742 ab-

72.2164 624.721 23.2930 10.1742 stracts
97.9800 624.721 7.0928 10.1742 to
107.534 624.721 21.7614 10.1742 create
131.766 624.721 11.1405 10.1742 the
145.368 624.721 33.9322 10.1742 summary
181.771 624.721 9.1166 10.1742 by
193.349 624.721 29.3647 10.1742 creating
225.184 624.721 8.6061 10.1742 an
236.252 624.721 13.1644 10.1742 end
251.887 624.721 7.0928 10.1742 to
261.441 624.721 13.1644 10.1742 end

72.2164 635.661 47.0875 10.1742 paraphrasing
121.309 635.661 25.3261 10.1742 system
148.632 635.661 7.0928 10.1742 to
157.730 635.661 11.6511 10.1742 not
171.387 635.661 16.2094 10.1742 only
189.602 635.661 26.8303 10.1742 acquire
218.429 635.661 11.1405 10.1742 the
231.575 635.661 43.0306 10.1742 paraphrases

72.2164 646.601 11.4687 10.1742 but
86.4383 646.601 14.6869 10.1742 also
103.869 646.601 12.1525 10.1742 use
118.775 646.601 18.2333 10.1742 them
139.761 646.601 7.0928 10.1742 to
149.598 646.601 21.7614 10.1742 create
174.113 646.601 11.1405 10.1742 the
188.006 646.601 14.9604 10.1742 new
205.711 646.601 26.5933 10.1742 strings.
236.543 646.601 18.5980 10.1742 They
257.895 646.601 16.7108 10.1742 used

72.2164 657.541 47.6071 10.1742 Synchronous
123.059 657.541 16.3826 10.1742 Tree
142.669 657.541 44.0790 10.1742 Substitution
189.985 657.541 34.9350 10.1742 Grammar
228.147 657.541 7.0928 10.1742 to
238.476 657.541 21.7614 10.1742 create
263.465 657.541 11.1405 10.1742 the

72.2164 668.481 43.0397 10.1742 compressed
118.282 668.481 19.2361 10.1742 parse
140.545 668.481 15.9450 10.1742 tree,
159.699 668.481 13.1644 10.1742 and
175.890 668.481 15.6989 10.1742 then
194.616 668.481 25.3169 10.1742 trained
222.960 668.481 18.2333 10.1742 them
244.220 668.481 30.3858 10.1742 discrim-

72.2164 679.421 33.2302 10.1742 inatively.
111.153 679.421 17.2122 10.1742 (Issa
131.602 679.421 6.5822 10.1742 et
141.429 679.421 11.1405 10.1742 al.,
155.806 679.421 21.2691 10.1742 2018)
180.312 679.421 16.7108 10.1742 used
200.268 679.421 20.7677 10.1742 AMR
224.272 679.421 26.8394 10.1742 parsing
254.348 679.421 20.2572 10.1742 along

72.2164 690.362 16.2094 10.1742 with
92.7106 690.362 11.1405 10.1742 the
108.135 690.362 20.2572 10.1742 latent
132.678 690.362 32.4097 10.1742 semantic
169.372 690.362 29.3738 10.1742 analysis
203.022 690.362 7.0928 10.1742 to
214.399 690.362 21.7706 10.1742 detect
240.455 690.362 11.1405 10.1742 the
255.880 690.362 18.7256 10.1742 para-

296.486 132.420 29.6200 10.1742 phrases.
329.315 132.420 31.3977 10.1742 Through
363.120 132.420 20.2572 10.1742 latent
385.784 132.420 32.4097 10.1742 semantic
420.600 132.420 31.6530 10.1742 analysis,
454.697 132.420 15.5621 10.1742 they
472.666 132.420 16.7108 10.1742 tried
491.783 132.420 7.0928 10.1742 to

296.486 143.360 14.1855 10.1742 ﬁnd
312.696 143.360 32.4097 10.1742 semantic
347.129 143.360 34.9532 10.1742 similarity
384.107 143.360 28.3619 10.1742 through
414.492 143.360 48.4459 10.1742 distributional
464.962 143.360 33.9139 10.1742 represen-

296.486 154.300 23.0469 10.1742 tation.
323.244 154.300 13.1736 10.1742 But
338.997 154.300 11.1405 10.1742 the
352.709 154.300 32.2547 10.1742 accuracy
387.543 154.300 7.5942 10.1742 of
397.709 154.300 20.7677 10.1742 AMR
421.047 154.300 22.6458 10.1742 Parser
446.273 154.300 13.1644 10.1742 due
462.008 154.300 7.0928 10.1742 to
471.681 154.300 11.1405 10.1742 the
485.392 154.300 13.4835 10.1742 for-

296.486 165.240 26.8485 10.1742 malism
325.669 165.240 13.1644 10.1742 and
341.167 165.240 38.4905 10.1742 annotation
381.991 165.240 30.3858 10.1742 problem
414.711 165.240 25.8366 10.1742 limited
442.882 165.240 11.1405 10.1742 the
456.356 165.240 42.5200 10.1742 paraphrase-

296.486 176.181 33.4216 10.1742 detection
332.415 176.181 25.3261 10.1742 system
360.257 176.181 16.9661 10.1742 also.
380.742 176.181 22.2811 10.1742 (Chen
405.531 176.181 7.0928 10.1742 &
415.130 176.181 27.0947 10.1742 Bansal,
444.732 176.181 21.2691 10.1742 2018)
468.518 176.181 16.7108 10.1742 used
487.735 176.181 11.1405 10.1742 the

296.486 187.120 47.0875 10.1742 paraphrasing
345.935 187.120 9.1166 10.1742 by
357.422 187.120 14.1855 10.1742 ﬁrst
373.969 187.120 32.4097 10.1742 selecting
408.740 187.120 11.1405 10.1742 the
422.241 187.120 23.8036 10.1742 salient
448.415 187.120 34.9350 10.1742 sentences
485.712 187.120 13.1644 10.1742 and

296.486 198.060 15.6989 10.1742 then
314.875 198.060 33.1937 10.1742 rewriting
350.749 198.060 7.0928 10.1742 to
360.531 198.060 21.7614 10.1742 create
384.973 198.060 11.1405 10.1742 the
398.803 198.060 39.1287 10.1742 abstractive
440.612 198.060 35.6187 10.1742 summary.
480.278 198.060 18.5980 10.1742 They

296.486 209.000 31.3886 10.1742 operated
330.154 209.000 6.5822 10.1742 at
339.016 209.000 16.2094 10.1742 both
357.504 209.000 11.1405 10.1742 the
370.924 209.000 51.7826 10.1742 sentence-level
424.986 209.000 13.1644 10.1742 and
440.429 209.000 41.3167 10.1742 word-level.

296.486 231.382 13.6750 10.0283 3.3.
314.720 231.382 43.0579 10.0283 Calculation
360.057 231.382 7.0928 10.0283 of
369.429 231.382 16.2094 10.0283 path
387.917 231.382 22.9557 10.0283 scores

305.603 245.284 33.9322 10.1742 Semantic
345.780 245.284 24.3050 10.1742 graphs
376.330 245.284 22.2811 10.1742 which
404.847 245.284 30.3858 10.1742 includes
441.478 245.284 17.2213 10.1742 Rich
464.944 245.284 33.9322 10.1742 Semantic

296.486 256.225 25.0617 10.1742 Graph,
324.739 256.225 22.7825 10.1742 Dense
350.521 256.225 33.9322 10.1742 Semantic
387.461 256.225 25.0617 10.1742 Graph,
415.714 256.225 23.0469 10.1742 AMR,
441.769 256.225 10.6300 10.1742 etc
455.408 256.225 13.1644 10.1742 and
471.572 256.225 11.1314 10.1742 are
485.712 256.225 13.1644 10.1742 one

296.486 267.165 7.5942 10.1742 of
307.116 267.165 11.1405 10.1742 the
321.284 267.165 16.0635 10.1742 very
340.383 267.165 27.8514 10.1742 popular
371.261 267.165 15.0972 10.1742 way
389.394 267.165 7.0928 10.1742 to
399.514 267.165 21.7614 10.1742 create
424.311 267.165 11.1405 10.1742 the
438.478 267.165 39.1287 10.1742 abstractive
480.643 267.165 18.2333 10.1742 sum-

296.486 278.105 26.5841 10.1742 maries.
329.133 278.105 14.1764 10.1742 The
346.664 278.105 32.4097 10.1742 semantic
382.429 278.105 24.3050 10.1742 graphs
410.089 278.105 12.6539 10.1742 can
426.098 278.105 8.6061 10.1742 be
438.068 278.105 31.3977 10.1742 obtained
472.821 278.105 9.1166 10.1742 by
485.292 278.105 13.5838 10.1742 two

296.486 289.045 20.9227 10.1742 ways.
326.991 289.045 15.1883 10.1742 One
346.710 289.045 15.0972 10.1742 way
366.338 289.045 6.0808 10.1742 is
376.950 289.045 9.1166 10.1742 by
390.598 289.045 45.0636 10.1742 representing
440.192 289.045 11.1405 10.1742 the
455.864 289.045 31.3886 10.1742 sentence
491.783 289.045 7.0928 10.1742 in

296.486 299.985 70.2438 10.1742 subject-object-verb
369.401 299.985 13.1644 10.1742 and
385.228 299.985 18.7347 10.1742 other
406.634 299.985 15.0972 10.1742 way
424.393 299.985 6.0808 10.1742 is
433.145 299.985 9.1166 10.1742 by
444.924 299.985 25.8366 10.1742 ﬁnding
473.431 299.985 11.1405 10.1742 the
487.234 299.985 11.6420 10.1742 de-

296.486 310.925 34.7982 10.1742 pendency
333.354 310.925 31.3977 10.1742 relations
366.821 310.925 30.3767 10.1742 between
399.258 310.925 11.1405 10.1742 the
412.468 310.925 37.2142 10.1742 sentences.
452.436 310.925 9.3993 10.1742 To
463.905 310.925 21.7614 10.1742 create
487.735 310.925 11.1405 10.1742 the

296.486 321.865 20.7586 10.1742 graph
320.664 321.865 17.7228 10.1742 from
341.805 321.865 16.2003 10.1742 later
361.424 321.865 16.7838 10.1742 way,
381.919 321.865 28.3619 10.1742 shortest
413.699 321.865 43.4044 10.1742 dependency
460.522 321.865 15.6989 10.1742 path
479.640 321.865 19.2361 10.1742 score

296.486 332.805 17.2122 10.1742 need
317.400 332.805 7.0928 10.1742 to
328.185 332.805 36.9589 10.1742 calculated
368.845 332.805 21.7797 10.1742 (Joshi
394.326 332.805 6.5822 10.1742 et
404.610 332.805 11.1405 10.1742 al.,
419.443 332.805 9.8733 10.1742 b).
436.409 332.805 37.3509 10.1742 (Bhargava
477.452 332.805 6.5822 10.1742 et
487.735 332.805 11.1405 10.1742 al.,

296.486 343.745 21.2691 10.1742 2016)
320.472 343.745 36.9589 10.1742 calculated
360.157 343.745 11.1405 10.1742 the
374.014 343.745 22.7825 10.1742 scores
399.523 343.745 9.1166 10.1742 on
411.356 343.745 11.1405 10.1742 the
425.213 343.745 18.2333 10.1742 basis
446.173 343.745 7.5942 10.1742 of
456.484 343.745 42.3924 10.1742 redundancy

296.486 354.685 7.5942 10.1742 of
306.187 354.685 43.2767 10.1742 overlapping
351.569 354.685 34.9350 10.1742 sentences
388.601 354.685 13.1644 10.1742 and
403.871 354.685 22.7916 10.1742 length
428.769 354.685 7.5942 10.1742 of
438.469 354.685 15.6989 10.1742 path
456.265 354.685 9.1166 10.1742 by
467.487 354.685 31.3886 10.1742 calculat-

296.486 365.625 11.6511 10.1742 ing
310.180 365.625 11.1405 10.1742 the
323.362 365.625 42.5383 10.1742 intersection
367.952 365.625 7.5942 10.1742 of
377.588 365.625 29.3830 10.1742 position
409.013 365.625 7.5942 10.1742 of
418.650 365.625 22.1899 10.1742 words
442.891 365.625 7.0928 10.1742 in
452.026 365.625 11.1405 10.1742 the
465.208 365.625 33.6678 10.1742 sentence.

296.486 376.565 32.9111 10.1742 (Mehdad
332.771 376.565 6.5822 10.1742 et
342.726 376.565 11.1405 10.1742 al.,
357.240 376.565 21.2691 10.1742 2013)
381.891 376.565 16.7108 10.1742 used
401.975 376.565 32.9111 10.1742 language
438.259 376.565 25.0708 10.1742 model,
466.977 376.565 31.8992 10.1742 informa-

296.486 387.505 14.1855 10.1742 tion
313.653 387.505 20.2572 10.1742 about
336.882 387.505 21.7797 10.1742 nouns
361.643 387.505 13.1644 10.1742 and
377.789 387.505 19.6099 10.1742 verbs
400.371 387.505 26.3289 10.1742 present
429.681 387.505 7.0928 10.1742 in
439.755 387.505 11.1405 10.1742 the
453.867 387.505 34.9350 10.1742 sentences
491.783 387.505 7.0928 10.1742 to

296.486 398.445 14.1855 10.1742 ﬁnd
312.951 398.445 11.1405 10.1742 the
326.371 398.445 19.2452 10.1742 paths
347.895 398.445 22.2811 10.1742 which
372.455 398.445 11.1314 10.1742 are
385.866 398.445 18.7347 10.1742 more
406.880 398.445 30.8781 10.1742 readable
440.037 398.445 13.1644 10.1742 and
455.481 398.445 23.0469 10.1742 ﬂuent.

296.486 420.827 13.6750 10.0283 3.4.
314.720 420.827 34.4336 10.0283 Summary
351.432 420.827 41.3896 10.0283 Generation

305.603 434.729 26.3380 10.1742 Mainly
334.740 434.729 18.7347 10.1742 NLG
356.274 434.729 17.7319 10.1742 tools
376.804 434.729 11.1314 10.1742 are
390.726 434.729 16.7108 10.1742 used
410.235 434.729 10.6300 10.1742 for
423.664 434.729 33.9322 10.1742 summary
460.395 434.729 38.4814 10.1742 generation

296.486 445.669 7.5942 10.1742 as
306.314 445.669 15.5621 10.1742 they
324.110 445.669 29.8661 10.1742 increase
356.210 445.669 11.1405 10.1742 the
369.584 445.669 26.7027 10.1742 ﬂuency
398.511 445.669 13.1644 10.1742 and
413.909 445.669 31.3795 10.1742 decrease
447.522 445.669 11.1405 10.1742 the
460.896 445.669 37.9800 10.1742 grammati-

296.486 456.610 10.6300 10.1742 cal
308.967 456.610 34.0963 10.1742 mistakes.
345.744 456.610 18.7347 10.1742 NLG
366.329 456.610 12.1525 10.1742 has
380.341 456.610 17.2122 10.1742 been
399.404 456.610 16.7108 10.1742 used
417.966 456.610 7.0928 10.1742 to
426.909 456.610 13.1644 10.1742 add
441.924 456.610 14.9604 10.1742 new
458.735 456.610 40.1406 10.1742 vocabulary

296.486 467.550 13.1644 10.1742 and
312.732 467.550 32.9111 10.1742 language
348.725 467.550 35.4455 10.1742 structures
387.252 467.550 7.0928 10.1742 to
397.435 467.550 11.1405 10.1742 the
411.657 467.550 34.9350 10.1742 sentences
449.673 467.550 25.3169 10.1742 (Lloret
478.072 467.550 6.5822 10.1742 et
487.735 467.550 11.1405 10.1742 al.,

296.486 478.490 23.5483 10.1742 2013).
324.848 478.490 23.8036 10.1742 Figure
351.597 478.490 4.5583 10.1742 2
359.100 478.490 36.9589 10.1742 represents
398.994 478.490 11.1405 10.1742 the
413.079 478.490 30.8963 10.1742 modules
446.920 478.490 7.5942 10.1742 of
457.450 478.490 11.1405 10.1742 the
471.535 478.490 27.3408 10.1742 Natural

296.486 489.430 32.9111 10.1742 language
331.677 489.430 38.4814 10.1742 generation
372.437 489.430 29.6200 10.1742 process.
404.883 489.430 5.5703 10.1742 It
412.733 489.430 32.4097 10.1742 basically
447.422 489.430 35.7828 10.1742 involves:-

305.631 508.111 4.5310 16.5011 •
314.720 507.819 15.9359 10.1742 Text
333.217 507.819 34.9532 10.1742 Planning:
371.571 507.819 16.2094 10.1742 This
390.342 507.819 14.6869 10.1742 step
407.600 507.819 6.0808 10.1742 is
416.243 507.819 14.6869 10.1742 also
433.491 507.819 21.7706 10.1742 called
457.833 507.819 26.8394 10.1742 content
487.234 507.819 11.6420 10.1742 de-

314.720 518.759 44.3160 10.1742 termination.
363.977 518.759 5.5703 10.1742 It
372.537 518.759 6.0808 10.1742 is
381.599 518.759 7.0928 10.1742 to
391.682 518.759 23.7945 10.1742 decide
418.458 518.759 22.2811 10.1742 which
443.729 518.759 9.1166 10.1742 all
455.827 518.759 43.0488 10.1742 information

314.720 529.700 7.0928 10.1742 to
325.003 529.700 8.6061 10.1742 be
336.791 529.700 31.3977 10.1742 included
371.379 529.700 7.0928 10.1742 to
381.654 529.700 11.1405 10.1742 the
395.985 529.700 35.6187 10.1742 summary.
437.147 529.700 5.5703 10.1742 It
445.908 529.700 6.0808 10.1742 is
455.180 529.700 11.1405 10.1742 the
469.502 529.700 29.3738 10.1742 prelimi-

314.720 540.640 16.2003 10.1742 nary
333.436 540.640 14.6869 10.1742 step
350.630 540.640 7.0928 10.1742 in
360.239 540.640 17.7319 10.1742 most
380.478 540.640 7.5942 10.1742 of
390.588 540.640 11.1405 10.1742 the
404.236 540.640 28.8724 10.1742 systems
435.625 540.640 10.6300 10.1742 for
448.771 540.640 29.3647 10.1742 creating
480.643 540.640 18.2333 10.1742 sum-

314.720 551.580 26.5841 10.1742 maries.
343.984 551.580 5.5703 10.1742 It
351.387 551.580 12.6539 10.1742 can
365.864 551.580 14.6869 10.1742 also
382.383 551.580 8.6061 10.1742 be
392.822 551.580 27.1220 10.1742 divided
421.776 551.580 14.1855 10.1742 into
437.794 551.580 26.8394 10.1742 content
466.466 551.580 32.4097 10.1742 selection

314.720 562.519 13.1644 10.1742 and
330.163 562.519 13.5382 10.1742 text
345.981 562.519 41.7816 10.1742 structuring.

305.631 581.253 4.5310 16.5011 •
314.720 580.961 32.9111 10.1742 Sentence
349.463 580.961 34.9532 10.1742 Planning:
387.015 580.961 5.5703 10.1742 It
394.417 580.961 6.0808 10.1742 is
402.331 580.961 7.0928 10.1742 to
411.256 580.961 31.1789 10.1742 organize
444.267 580.961 11.1405 10.1742 the
457.231 580.961 26.8394 10.1742 content
485.903 580.961 7.0928 10.1742 in
494.828 580.961 4.0478 10.1742 a

314.720 591.901 27.3408 10.1742 manner
344.066 591.901 7.0928 10.1742 to
353.164 591.901 29.3647 10.1742 produce
384.526 591.901 11.1405 10.1742 the
397.672 591.901 31.3886 10.1742 sentence
431.066 591.901 48.3638 10.1742 speciﬁcation.
482.165 591.901 16.7108 10.1742 Sen-

314.720 602.841 19.2361 10.1742 tence
336.663 602.841 40.0039 10.1742 boundaries
379.375 602.841 11.1314 10.1742 are
393.214 602.841 32.4097 10.1742 speciﬁed
428.331 602.841 7.0928 10.1742 in
438.132 602.841 13.1736 10.1742 this
454.013 602.841 23.0378 10.1742 phase.
481.162 602.841 17.7136 10.1742 Here

314.720 613.782 11.1405 10.1742 the
329.498 613.782 13.6750 10.1742 aim
346.810 613.782 6.0808 10.1742 is
356.528 613.782 7.0928 10.1742 to
367.259 613.782 27.3317 10.1742 arrange
398.219 613.782 11.1405 10.1742 the
412.997 613.782 13.5382 10.1742 text
430.173 613.782 7.0928 10.1742 in
440.903 613.782 57.9728 10.1742 sub-paragraphs.

314.720 624.722 46.0938 10.1742 Relationship
362.974 624.722 30.3767 10.1742 between
395.520 624.722 11.1405 10.1742 the
408.822 624.722 13.5382 10.1742 text
424.530 624.722 6.0808 10.1742 is
432.771 624.722 39.4933 10.1742 considered
474.434 624.722 13.1644 10.1742 and
489.759 624.722 9.1166 10.1742 on

314.720 635.661 11.1405 10.1742 the
328.704 635.661 18.2333 10.1742 basis
349.773 635.661 7.5942 10.1742 of
360.212 635.661 42.7844 10.1742 relatedness,
405.968 635.661 11.1405 10.1742 the
419.953 635.661 34.9350 10.1742 sentences
457.732 635.661 11.1314 10.1742 are
471.699 635.661 27.1767 10.1742 merged

314.720 646.601 7.0928 10.1742 to
323.982 646.601 21.7614 10.1742 create
347.904 646.601 45.5741 10.1742 intermediate
395.648 646.601 42.2739 10.1742 paragraphs.
440.712 646.601 16.2094 10.1742 This
459.091 646.601 14.6869 10.1742 step
475.938 646.601 6.0808 10.1742 is
484.189 646.601 14.6869 10.1742 also

314.720 657.541 24.5876 10.1742 known
342.525 657.541 7.5942 10.1742 as
353.338 657.541 32.9111 10.1742 Sentence
389.458 657.541 47.6710 10.1742 Aggregation.
442.772 657.541 5.5703 10.1742 It
451.560 657.541 6.0808 10.1742 is
460.850 657.541 7.0928 10.1742 to
471.161 657.541 27.7146 10.1742 provide

314.720 668.481 31.8992 10.1742 structure
348.916 668.481 7.0928 10.1742 to
358.306 668.481 11.1405 10.1742 the
371.735 668.481 35.6187 10.1742 summary.
410.235 668.481 31.8992 10.1742 Machine
444.422 668.481 32.9111 10.1742 Learning
479.631 668.481 19.2452 10.1742 helps

314.720 679.422 18.2242 10.1742 learn
334.986 679.422 18.2333 10.1742 good
355.261 679.422 33.9322 10.1742 summary
391.236 679.422 31.8992 10.1742 structure
425.168 679.422 28.3528 10.1742 (Genest
455.563 679.422 7.0928 10.1742 &
464.698 679.422 34.1783 10.1742 Lapalme,

314.720 690.362 23.5483 10.1742 2011).
341.012 690.362 16.2094 10.1742 This
359.273 690.362 20.7586 10.1742 phase
382.073 690.362 6.0808 10.1742 is
390.196 690.362 19.7011 10.1742 again
411.939 690.362 27.1220 10.1742 divided
441.113 690.362 14.1855 10.1742 into
457.340 690.362 15.1883 10.1742 four
474.571 690.362 24.3050 10.1742 phases

280.988 706.772 9.1166 10.1742 12

210.051 21.8897 72.3402 12.7684 ACCEPTED
285.891 21.8897 90.2327 12.7684 MANUSCRIPT

54.9470 623.773 45.6014 26.4027 A
79.5679 599.382 45.6014 24.3914 C
102.313 574.991 45.6014 24.3914 C
125.058 552.647 45.6014 22.3435 E
145.894 532.315 45.6014 20.3323 P
164.854 509.971 45.6014 22.3435 T
185.689 487.628 45.6014 22.3435 E
206.525 461.225 45.6014 26.4027 D

239.671 419.573 45.6014 32.5097 M

269.987 393.171 45.6014 26.4027 A
294.608 366.768 45.6014 26.4027 N
319.229 340.365 45.6014 26.4027 U
343.850 320.033 45.6014 20.3323 S
362.810 295.642 45.6014 24.3914 C
385.555 271.250 45.6014 24.3914 R
408.300 259.073 45.6014 12.1774 I
419.656 238.741 45.6014 20.3323 P
438.616 216.397 45.6014 22.3435 T

90.4495 132.420 26.8394 10.1742 namely
119.704 132.420 24.1682 10.1742 lexical
146.279 132.420 31.6530 10.1742 analysis,
180.376 132.420 34.4336 10.1742 discourse
217.225 132.420 31.6530 10.1742 analysis,
251.321 132.420 23.2839 10.1742 aggre-

90.4495 143.360 22.7460 10.1742 gation
115.474 143.360 13.1644 10.1742 and
130.918 143.360 31.8900 10.1742 referring
165.087 143.360 41.1343 10.1742 expression.

101.389 161.360 4.5583 10.5115 –
110.506 161.697 27.2041 10.1742 Lexical
140.117 161.697 34.4427 10.1742 Analysis:
177.632 161.697 17.7136 10.1742 Here
197.743 161.697 11.1405 10.1742 the
211.290 161.697 36.7492 10.1742 individual
250.437 161.697 24.1682 10.1742 lexical

110.506 172.637 17.7319 10.1742 units
130.398 172.637 11.1314 10.1742 are
143.691 172.637 25.3169 10.1742 chosen
171.168 172.637 20.7586 10.1742 based
194.096 172.637 9.1166 10.1742 on
205.374 172.637 26.6115 10.1742 various
234.146 172.637 24.7152 10.1742 factors
261.022 172.637 13.5838 10.1742 like

110.506 183.577 28.3892 10.1742 ﬂuency,
141.357 183.577 38.9372 10.1742 variability,
182.764 183.577 32.9111 10.1742 language
218.101 183.577 13.1644 10.1742 and
233.699 183.577 24.3050 10.1742 formal
260.429 183.577 14.1764 10.1742 lan-

110.506 194.518 21.7706 10.1742 guage
134.054 194.518 19.5005 10.1742 style.
156.208 194.518 17.7136 10.1742 Here
175.699 194.518 11.1405 10.1742 the
188.608 194.518 17.2213 10.1742 right
207.607 194.518 18.6435 10.1742 word
228.020 194.518 13.1644 10.1742 and
242.962 194.518 23.7945 10.1742 phrase
268.525 194.518 6.0808 10.1742 is

110.506 205.458 21.2691 10.1742 found
134.474 205.458 7.0928 10.1742 to
144.256 205.458 8.6061 10.1742 be
155.560 205.458 39.5116 10.1742 substituted
197.761 205.458 7.0928 10.1742 to
207.553 205.458 11.1405 10.1742 the
221.383 205.458 13.5382 10.1742 text
237.619 205.458 7.0928 10.1742 to
247.401 205.458 27.2041 10.1742 express

110.506 216.398 11.1405 10.1742 the
125.202 216.398 43.0488 10.1742 information
171.797 216.398 29.8661 10.1742 (Dohare
205.219 216.398 7.0928 10.1742 &
215.858 216.398 31.6439 10.1742 Karnick,
251.057 216.398 23.5483 10.1742 2018).

110.506 227.338 38.3629 10.1742 Synonyms
151.877 227.338 10.6300 10.1742 for
165.507 227.338 21.7797 10.1742 nouns
190.295 227.338 13.1644 10.1742 and
206.459 227.338 19.6099 10.1742 verbs
229.077 227.338 11.1314 10.1742 are
243.208 227.338 31.3977 10.1742 obtained

110.506 238.277 7.0928 10.1742 to
121.254 238.277 30.8781 10.1742 generate
155.797 238.277 11.1405 10.1742 the
170.594 238.277 20.5945 10.1742 target
194.844 238.277 24.4691 10.1742 words.
226.278 238.277 17.7136 10.1742 Here
247.657 238.277 11.1405 10.1742 the
262.453 238.277 12.1525 10.1742 do-

110.506 249.217 18.2333 10.1742 main
131.775 249.217 22.1899 10.1742 words
157.001 249.217 11.1314 10.1742 are
171.177 249.217 33.9322 10.1742 classiﬁed
208.145 249.217 14.1855 10.1742 into
225.367 249.217 24.1682 10.1742 lexical
252.571 249.217 22.0349 10.1742 items.

110.506 260.158 5.5703 10.1742 It
120.060 260.158 30.2126 10.1742 involves
154.257 260.158 25.8366 10.1742 ﬁnding
184.086 260.158 11.1405 10.1742 the
199.211 260.158 46.0847 10.1742 semantically
249.280 260.158 25.3261 10.1742 similar

110.506 271.098 24.4691 10.1742 words,
137.920 271.098 36.8404 10.1742 synonyms
177.568 271.098 7.5942 10.1742 or
187.970 271.098 18.7347 10.1742 other
209.513 271.098 52.1655 10.1742 taxonomically
264.486 271.098 10.1195 10.1742 re-

110.506 282.038 17.7228 10.1742 lated
130.508 282.038 24.4691 10.1742 words.

101.389 296.339 4.5583 10.5115 –
110.506 296.676 36.4575 10.1742 Discourse
149.744 296.676 31.9083 10.1742 analysis:
185.481 296.676 17.7136 10.1742 Here
205.966 296.676 11.1405 10.1742 the
219.887 296.676 36.7492 10.1742 individual
259.417 296.676 15.1883 10.1742 sen-

110.506 307.616 22.7825 10.1742 tences
135.932 307.616 11.1314 10.1742 are
149.717 307.616 35.4364 10.1742 generated
187.797 307.616 17.7228 10.1742 from
208.163 307.616 11.1405 10.1742 the
221.957 307.616 36.8404 10.1742 synonyms
261.441 307.616 13.1644 10.1742 and

110.506 318.556 27.3408 10.1742 phrases
141.676 318.556 22.2811 10.1742 which
167.786 318.556 11.1314 10.1742 are
182.746 318.556 21.2691 10.1742 found
207.835 318.556 23.8036 10.1742 during
235.468 318.556 11.1405 10.1742 the
250.437 318.556 24.1682 10.1742 lexical

110.506 329.497 29.3738 10.1742 analysis
142.159 329.497 23.0378 10.1742 phase.

101.389 343.798 4.5583 10.5115 –
110.506 344.136 45.3918 10.1742 Aggregation
158.514 344.136 30.3858 10.1742 Process:
192.392 344.136 5.5703 10.1742 It
200.578 344.136 6.0808 10.1742 is
209.267 344.136 7.0928 10.1742 to
218.976 344.136 23.7945 10.1742 decide
245.378 344.136 15.4710 10.1742 how
263.465 344.136 11.1405 10.1742 the

110.506 355.076 34.9350 10.1742 sentences
148.823 355.076 14.1855 10.1742 will
166.391 355.076 8.6061 10.1742 be
178.379 355.076 27.1767 10.1742 merged
208.938 355.076 7.0928 10.1742 to
219.413 355.076 17.7228 10.1742 form
240.518 355.076 11.1405 10.1742 the
255.041 355.076 19.5643 10.1742 inter-

110.506 366.015 28.8633 10.1742 mediate
143.262 366.015 42.2739 10.1742 paragraphs.
193.185 366.015 21.1324 10.1742 Many
218.210 366.015 19.7558 10.1742 times
241.849 366.015 11.1405 10.1742 the
256.883 366.015 17.7228 10.1742 hand

110.506 376.955 25.3078 10.1742 crafted
137.591 376.955 17.7228 10.1742 rules
157.092 376.955 11.1314 10.1742 are
170.001 376.955 16.7108 10.1742 used
188.490 376.955 7.0928 10.1742 to
197.360 376.955 14.1855 10.1742 ﬁnd
213.323 376.955 11.1405 10.1742 the
226.242 376.955 15.0972 10.1742 way
243.117 376.955 7.0928 10.1742 to
251.987 376.955 22.6184 10.1742 merge

110.506 387.895 11.1405 10.1742 the
123.926 387.895 37.2142 10.1742 sentences.

101.389 402.197 4.5583 10.5115 –
110.506 402.535 34.9350 10.1742 Referring
148.012 402.535 40.5144 10.1742 Expression
191.106 402.535 30.3858 10.1742 Process:
224.902 402.535 17.7136 10.1742 Here
245.195 402.535 11.1405 10.1742 the
258.907 402.535 15.6989 10.1742 sub-

110.506 413.475 13.1644 10.1742 ject
126.515 413.475 6.0808 10.1742 is
135.431 413.475 30.8781 10.1742 replaced
169.153 413.475 16.2094 10.1742 with
188.207 413.475 11.1405 10.1742 the
202.183 413.475 36.2113 10.1742 pronouns.
242.907 413.475 17.7136 10.1742 Here
263.465 413.475 11.1405 10.1742 the

110.506 424.414 41.5172 10.1742 appropriate
154.886 424.414 22.1899 10.1742 words
179.938 424.414 11.1314 10.1742 are
193.941 424.414 25.3169 10.1742 chosen
222.121 424.414 22.2811 10.1742 which
247.265 424.414 27.3408 10.1742 enables

110.506 435.354 51.6732 10.1742 distinguishing
164.458 435.354 11.1405 10.1742 the
177.878 435.354 28.6172 10.1742 entities.

81.3608 453.983 4.5310 16.5011 •
90.4495 453.692 44.0608 10.1742 Realization:
137.208 453.692 17.7136 10.1742 Here
156.955 453.692 11.1405 10.1742 the
170.119 453.692 33.0570 10.1742 objective
205.209 453.692 6.0808 10.1742 is
213.314 453.692 7.0928 10.1742 to
222.440 453.692 26.8394 10.1742 convert
251.312 453.692 11.1405 10.1742 the
264.477 453.692 10.1286 10.1742 in-

90.4495 464.632 38.4814 10.1742 termediate
132.340 464.632 39.9947 10.1742 paragraphs
175.753 464.632 8.1047 10.1742 so
187.268 464.632 31.3977 10.1742 obtained
222.084 464.632 17.7228 10.1742 from
243.217 464.632 31.3886 10.1742 sentence

90.4495 475.572 31.9083 10.1742 planning
125.685 475.572 20.7586 10.1742 phase
149.771 475.572 7.0928 10.1742 to
160.182 475.572 11.1405 10.1742 the
174.650 475.572 16.2094 10.1742 ﬁnal
194.187 475.572 42.2739 10.1742 paragraphs.
242.424 475.572 17.7136 10.1742 Here
263.465 475.572 11.1405 10.1742 the

90.4495 486.512 39.9947 10.1742 paragraphs
132.376 486.512 11.1314 10.1742 are
145.441 486.512 33.9139 10.1742 corrected
181.296 486.512 42.5383 10.1742 considering
225.767 486.512 23.8036 10.1742 syntax
251.504 486.512 23.1016 10.1742 coher-

90.4495 497.452 18.9809 10.1742 ence,
112.156 497.452 45.5741 10.1742 grammatical
160.365 497.452 13.1644 10.1742 and
176.164 497.452 43.0488 10.1742 punctuation
221.856 497.452 43.2858 10.1742 correctness.
269.035 497.452 5.5703 10.1742 It

90.4495 508.392 30.2126 10.1742 involves
123.825 508.392 53.1774 10.1742 morphological
180.175 508.392 13.1644 10.1742 and
196.503 508.392 32.4097 10.1742 syntactic
232.076 508.392 42.5292 10.1742 transforma-

90.4495 519.332 20.0110 10.1742 tions.

81.3608 537.961 4.5310 16.5011 •
90.4495 537.669 41.8090 10.1742 Evaluation:
138.020 537.669 17.7136 10.1742 Here
159.480 537.669 11.1405 10.1742 the
174.359 537.669 39.9947 10.1742 paragraphs
218.100 537.669 11.1314 10.1742 are
232.979 537.669 24.7152 10.1742 ranked
261.441 537.669 13.1644 10.1742 and

90.4495 548.610 22.2811 10.1742 sorted
115.556 548.610 35.9469 10.1742 according
154.338 548.610 7.0928 10.1742 to
164.257 548.610 26.6115 10.1742 various
193.695 548.610 24.7152 10.1742 factors
221.246 548.610 13.5838 10.1742 like
237.656 548.610 36.9498 10.1742 coherence

90.4495 559.550 30.3767 10.1742 between
123.296 559.550 11.1405 10.1742 the
136.907 559.550 37.2142 10.1742 sentences,
176.638 559.550 17.7319 10.1742 most
196.840 559.550 37.4694 10.1742 frequently
236.780 559.550 16.7108 10.1742 used
255.962 559.550 18.6435 10.1742 word

90.4495 570.490 39.1195 10.1742 synonyms,
131.848 570.490 12.9092 10.1742 etc.

81.3334 588.802 9.3993 10.1742 To
92.5195 588.802 40.0039 10.1742 summarize
134.310 588.802 11.1405 10.1742 the
147.246 588.802 22.1899 10.1742 works
171.223 588.802 17.7228 10.1742 done
190.733 588.802 7.0928 10.1742 in
199.612 588.802 13.1736 10.1742 this
214.582 588.802 16.2094 10.1742 ﬁeld
232.578 588.802 7.5942 10.1742 of
241.959 588.802 32.6467 10.1742 research,

72.2164 599.741 10.6300 10.1742 we
86.2104 599.741 16.8932 10.1742 have
106.467 599.741 19.7558 10.1742 listed
129.587 599.741 18.2333 10.1742 them
151.184 599.741 7.0928 10.1742 in
161.641 599.741 11.1405 10.1742 the
176.155 599.741 25.1346 10.1742 tabular
204.653 599.741 17.7228 10.1742 form
225.740 599.741 7.0928 10.1742 in
236.197 599.741 20.0293 10.1742 Table
259.590 599.741 4.5583 10.1742 5
267.513 599.741 7.0928 10.1742 in

72.2164 610.681 17.2122 10.1742 page
92.3277 610.681 9.1166 10.1742 24
104.334 610.681 22.2811 10.1742 which
129.514 610.681 14.6960 10.1742 lists
147.109 610.681 20.0293 10.1742 down
170.028 610.681 11.1405 10.1742 the
184.068 610.681 23.2930 10.1742 author
210.251 610.681 22.0258 10.1742 name,
235.331 610.681 39.2745 10.1742 Evaluation

72.2164 621.621 30.3767 10.1742 measure
104.434 621.621 18.9900 10.1742 used,
125.348 621.621 25.3169 10.1742 dataset
152.506 621.621 18.9900 10.1742 used,
173.429 621.621 13.1644 10.1742 and
188.435 621.621 15.6989 10.1742 type
205.966 621.621 7.5942 10.1742 of
215.402 621.621 39.1287 10.1742 abstractive
256.372 621.621 18.2333 10.1742 sum-

72.2164 632.561 18.7347 10.1742 mary
93.2302 632.561 28.5989 10.1742 created.

72.2164 659.757 6.8375 10.5115 4.
83.6122 659.757 20.4395 10.5115 Tools
106.330 659.757 19.2452 10.5115 Used
127.855 659.757 14.6960 10.5115 and
144.830 659.757 40.2865 10.5115 Developed

81.3334 679.421 19.7558 10.1742 From
105.118 679.421 12.1525 10.1742 our
121.300 679.421 25.7181 10.1742 survey,
151.486 679.421 10.6300 10.1742 we
166.145 679.421 16.8932 10.1742 have
187.077 679.421 21.2691 10.1742 found
212.376 679.421 13.6750 10.1742 that
230.080 679.421 17.7319 10.1742 most
251.842 679.421 7.5942 10.1742 of
263.465 679.421 11.1405 10.1742 the

72.2164 690.362 39.1287 10.1742 abstractive
115.429 690.362 54.1894 10.1742 summarization
173.693 690.362 28.8724 10.1742 systems
206.650 690.362 25.3261 10.1742 consist
236.060 690.362 7.5942 10.1742 of
247.730 690.362 4.5583 10.1742 3
256.372 690.362 18.2333 10.1742 steps

325.427 162.732 15.9704 4.2253 Content

325.427 168.109 28.3908 4.2253 Determination

325.427 173.487 17.4899 4.2253 (Content

325.427 178.865 18.7584 4.2253 Selection
345.449 178.865 7.6110 4.2253 and

325.427 184.243 8.8659 4.2253 Text

325.427 189.621 23.5678 4.2253 Structuring)

451.159 231.790 33.9668 4.2253 Realization(Final

451.159 237.167 23.5814 4.2253 Paragraphs
476.005 237.167 22.0620 4.2253 generated)

371.143 231.634 39.5518 4.2253 Evaluation(ordering
411.959 231.634 3.8010 4.2253 of

371.143 237.012 23.0795 4.2253 paragraphs

382.715 160.849 14.2000 4.2253 Lexical
398.178 160.849 16.9834 4.2253 Analysis

382.715 166.226 12.1649 4.2253 (Right
396.143 166.226 9.8880 4.2253 word
407.295 166.226 7.6110 4.2253 and

382.715 171.604 13.9490 4.2253 phrase
397.927 171.604 16.2305 4.2253 chosen)

454.030 160.849 20.2824 4.2253 Discourse
475.577 160.849 16.9834 4.2253 Analysis
493.824 160.849 1.5195 4.2253 (

454.030 166.226 19.2694 4.2253 Individual
474.564 166.226 20.7935 4.2253 sentences

454.030 171.604 22.0620 4.2253 generated)

451.159 195.200 24.5944 4.2253 Aggregation
477.018 195.200 18.0009 4.2253 (Merging
496.282 195.200 3.8010 4.2253 of

451.159 200.578 22.3129 4.2253 sentences)

382.715 191.160 18.7584 4.2253 Referring
402.737 191.160 22.5639 4.2253 Expression

382.715 196.538 26.6204 4.2253 (Coreference

382.715 201.915 23.0704 4.2253 Resolution)

473.517 144.628 19.2694 4.2253 Sentence
494.050 144.628 17.7500 4.2253 Planning

311.638 274.718 19.0429 8.1394 Figure
332.505 274.718 5.6742 8.1394 2:
340.440 274.718 15.8047 8.1394 Steps
358.068 274.718 24.9797 8.1394 involved
384.871 274.718 5.6742 8.1394 in
392.368 274.718 23.4918 8.1394 creating
417.684 274.718 31.6020 8.1394 summaries
451.109 274.718 15.8047 8.1394 using
468.737 274.718 14.9878 8.1394 NLG

296.486 301.835 26.8394 10.1742 namely
327.310 301.835 55.9489 10.1742 pre-processing,
387.680 301.835 41.5172 10.1742 inferencing
433.181 301.835 13.1644 10.1742 and
450.339 301.835 27.3408 10.1742 Natural
481.664 301.835 17.2122 10.1742 Lan-

296.486 312.775 21.7706 10.1742 guage
321.402 312.775 42.7844 10.1742 Generation.
369.620 312.775 54.1802 10.1742 Pre-processing
426.946 312.775 7.5942 10.1742 of
437.694 312.775 11.1405 10.1742 the
451.980 312.775 13.5382 10.1742 text
468.663 312.775 30.2126 10.1742 involves

296.486 323.715 29.3647 10.1742 creating
329.142 323.715 11.1405 10.1742 the
343.574 323.715 51.6458 10.1742 representation
398.502 323.715 10.6300 10.1742 for
412.423 323.715 11.1405 10.1742 the
426.854 323.715 13.5382 10.1742 text
443.684 323.715 13.1644 10.1742 and
460.130 323.715 5.0689 10.1742 it
468.490 323.715 30.3858 10.1742 includes

296.486 334.654 40.0130 10.1742 identifying
339.936 334.654 11.1405 10.1742 the
354.505 334.654 55.9580 10.1742 named-entities,
414.182 334.654 42.5109 10.1742 coreference
460.130 334.654 38.7458 10.1742 resolution,

296.486 345.594 25.8366 10.1742 ﬁnding
325.559 345.594 14.1764 10.1742 part
342.963 345.594 7.5942 10.1742 of
353.794 345.594 24.8064 10.1742 speech
381.836 345.594 29.6291 10.1742 tagging,
414.939 345.594 45.0727 10.1742 construction
463.239 345.594 7.5942 10.1742 of
474.070 345.594 24.8064 10.1742 depen-

296.486 356.534 21.6338 10.1742 dency
322.150 356.534 19.4914 10.1742 trees,
346.117 356.534 45.0727 10.1742 construction
395.220 356.534 7.5942 10.1742 of
406.843 356.534 32.4097 10.1742 semantic
443.292 356.534 19.4914 10.1742 trees,
467.250 356.534 12.9092 10.1742 etc.
488.246 356.534 10.6300 10.1742 In-

296.486 367.475 34.4245 10.1742 ferencing
334.284 367.475 11.1405 10.1742 the
348.798 367.475 13.5382 10.1742 text
365.709 367.475 30.3858 10.1742 includes
399.468 367.475 29.8753 10.1742 learning
432.716 367.475 11.1405 10.1742 the
447.230 367.475 51.6458 10.1742 representation

296.486 378.415 7.5942 10.1742 of
307.928 378.415 13.5382 10.1742 text
325.313 378.415 31.3977 10.1742 obtained
360.558 378.415 17.7228 10.1742 from
382.128 378.415 53.6697 10.1742 pre-processing
439.636 378.415 16.9661 10.1742 step.
464.132 378.415 16.2094 10.1742 This
484.189 378.415 14.6869 10.1742 step

296.486 389.355 25.3261 10.1742 mainly
324.684 389.355 30.3858 10.1742 includes
357.942 389.355 25.0708 10.1742 fusion,
386.039 389.355 31.6530 10.1742 deletion,
420.719 389.355 31.9083 10.1742 applying
455.499 389.355 19.2452 10.1742 some
477.616 389.355 21.2600 10.1742 learn-

296.486 400.295 11.6511 10.1742 ing
310.800 400.295 22.7916 10.1742 model
336.244 400.295 13.5838 10.1742 like
352.490 400.295 22.7825 10.1742 neural
377.925 400.295 35.6096 10.1742 networks,
416.288 400.295 12.9092 10.1742 etc.
433.163 400.295 15.6989 10.1742 And
451.524 400.295 11.1405 10.1742 the
465.318 400.295 16.2094 10.1742 ﬁnal
484.189 400.295 14.6869 10.1742 step

296.486 411.234 30.3858 10.1742 includes
331.321 411.234 27.3408 10.1742 Natural
363.111 411.234 35.9469 10.1742 Language
403.507 411.234 40.5053 10.1742 Generation
448.461 411.234 22.2720 10.1742 where
475.182 411.234 11.1405 10.1742 the
490.771 411.234 8.1047 10.1742 ﬁ-

296.486 422.175 11.1405 10.1742 nal
309.924 422.175 52.6669 10.1742 grammatically
364.880 422.175 25.3078 10.1742 correct
392.485 422.175 33.9322 10.1742 summary
428.705 422.175 6.0808 10.1742 is
437.083 422.175 35.4364 10.1742 generated
474.808 422.175 10.6300 10.1742 for
487.735 422.175 11.1405 10.1742 the

296.486 433.115 15.8174 10.1742 text.
316.734 433.115 11.1405 10.1742 On
330.692 433.115 11.1405 10.1742 the
344.650 433.115 18.2333 10.1742 basis
365.700 433.115 7.5942 10.1742 of
376.102 433.115 11.1405 10.1742 the
390.060 433.115 18.2333 10.1742 steps
411.110 433.115 31.2245 10.1742 involved
445.152 433.115 7.0928 10.1742 in
455.052 433.115 29.3647 10.1742 creating
487.234 433.115 11.6420 10.1742 ab-

296.486 444.055 30.5225 10.1742 stractive
329.780 444.055 41.7816 10.1742 summaries,
374.452 444.055 10.6300 10.1742 we
387.844 444.055 16.8932 10.1742 have
407.509 444.055 27.1220 10.1742 divided
437.393 444.055 11.1405 10.1742 the
451.305 444.055 17.7319 10.1742 tools
471.800 444.055 16.7108 10.1742 used
491.282 444.055 7.5942 10.1742 or

296.486 454.995 26.3198 10.1742 created
325.213 454.995 14.1855 10.1742 into
341.796 454.995 4.5583 10.1742 3
348.761 454.995 36.8221 10.1742 categories
387.981 454.995 32.4097 10.1742 namely:-
422.798 454.995 53.6697 10.1742 pre-processing
478.865 454.995 20.0110 10.1742 tools,

296.486 465.935 54.1894 10.1742 summarization
353.620 465.935 38.9919 10.1742 techniques
395.557 465.935 13.1644 10.1742 and
411.657 465.935 25.3169 10.1742 natural
439.919 465.935 32.9111 10.1742 language
475.774 465.935 23.1016 10.1742 gener-

296.486 476.875 18.2333 10.1742 ation
317.865 476.875 20.0110 10.1742 tools.
343.291 476.875 23.5757 10.1742 Below
370.003 476.875 6.0808 10.1742 is
379.229 476.875 11.1405 10.1742 the
393.515 476.875 11.1497 10.1742 list
407.801 476.875 7.5942 10.1742 of
418.540 476.875 17.7319 10.1742 tools
439.417 476.875 20.2572 10.1742 along
462.811 476.875 16.2094 10.1742 with
482.165 476.875 16.7108 10.1742 their

296.486 487.815 54.4446 10.1742 functionalities.

303.324 504.024 6.8375 10.1742 1.
314.720 504.024 54.1802 10.1742 Pre-processing
372.483 504.024 22.5728 10.1742 Tools:
400.489 504.024 21.7706 10.1742 These
425.843 504.024 11.1314 10.1742 are
440.557 504.024 11.1405 10.1742 the
455.280 504.024 17.7319 10.1742 tools
476.595 504.024 22.2811 10.1742 which

314.720 514.964 11.1314 10.1742 are
328.531 514.964 16.7108 10.1742 used
347.913 514.964 10.6300 10.1742 for
361.224 514.964 41.0158 10.1742 performing
404.911 514.964 53.6697 10.1742 pre-processing
461.261 514.964 23.8036 10.1742 during
487.735 514.964 11.1405 10.1742 the

314.720 525.904 54.1894 10.1742 summarization
371.844 525.904 27.3408 10.1742 process
402.130 525.904 13.1644 10.1742 and
418.230 525.904 16.7108 10.1742 their
437.885 525.904 13.6750 10.1742 aim
454.496 525.904 6.0808 10.1742 is
463.521 525.904 7.0928 10.1742 to
473.550 525.904 25.3261 10.1742 mainly

314.720 536.844 14.1855 10.1742 ﬁnd
331.175 536.844 11.1405 10.1742 the
344.595 536.844 55.9580 10.1742 named-entities,
402.823 536.844 29.3647 10.1742 perform
434.467 536.844 31.3886 10.1742 sentence
468.125 536.844 30.7505 10.1742 segmen-

314.720 547.784 23.0469 10.1742 tation,
342.252 547.784 32.4097 10.1742 semantic
378.709 547.784 14.1764 10.1742 role
396.933 547.784 31.6530 10.1742 labeling,
433.072 547.784 21.7614 10.1742 create
458.881 547.784 11.1405 10.1742 the
474.069 547.784 24.8064 10.1742 depen-

314.720 558.725 21.6338 10.1742 dency
340.128 558.725 19.4914 10.1742 trees,
363.776 558.725 15.6989 10.1742 help
383.249 558.725 7.0928 10.1742 in
394.116 558.725 45.5468 10.1742 co-reference
443.447 558.725 36.4666 10.1742 resolution
483.687 558.725 15.1883 10.1742 pro-

314.720 569.664 31.6530 10.1742 cess,ﬁnd
348.652 569.664 39.1195 10.1742 synonyms,
390.050 569.664 12.9092 10.1742 etc.

325.687 584.451 4.5310 16.5011 •
334.776 584.159 33.1937 10.1742 WordNet
370.556 583.306 6.3816 7.1219 12
377.394 584.159 2.5344 10.1742 :
383.365 584.159 5.5703 10.1742 It
391.525 584.159 6.0808 10.1742 is
400.195 584.159 4.0478 10.1742 a
406.822 584.159 16.0635 10.1742 very
425.475 584.159 27.8514 10.1742 popular
455.916 584.159 26.3380 10.1742 english
484.834 584.159 14.0396 10.1742 lex-

334.776 595.099 13.1644 10.1742 ical
352.508 595.099 31.3886 10.1742 database
388.464 595.099 22.2720 10.1742 where
415.304 595.099 11.1405 10.1742 the
431.012 595.099 24.0588 10.1742 nouns,
460.203 595.099 21.8891 10.1742 verbs,
487.234 595.099 11.6420 10.1742 ad-

334.776 606.039 27.4867 10.1742 jectives
365.937 606.039 13.1644 10.1742 and
382.776 606.039 28.2160 10.1742 adverbs
414.666 606.039 11.1314 10.1742 are
429.462 606.039 29.8753 10.1742 grouped
463.011 606.039 13.1644 10.1742 and
479.850 606.039 19.0264 10.1742 orga-

334.776 616.980 19.7467 10.1742 nized
356.401 616.980 14.1855 10.1742 into
372.465 616.980 28.6172 10.1742 synsets.
403.771 616.980 27.8605 10.1742 Synsets
433.510 616.980 11.1314 10.1742 are
446.519 616.980 24.8064 10.1742 related
473.204 616.980 7.0928 10.1742 to
482.174 616.980 16.7017 10.1742 each

334.776 627.920 18.7347 10.1742 other
356.939 627.920 9.1166 10.1742 by
369.483 627.920 39.1195 10.1742 synonyms,
412.323 627.920 42.6112 10.1742 hypernyms,
458.653 627.920 40.2227 10.1742 hyponoms,

334.776 638.860 40.6329 10.1742 meronyms,
377.761 638.860 38.1076 10.1742 holonyms,
418.221 638.860 12.9092 10.1742 etc.
434.130 638.860 13.1644 10.1742 and
449.628 638.860 19.2452 10.1742 helps
471.216 638.860 14.1855 10.1742 ﬁnd
487.736 638.860 11.1405 10.1742 the

334.776 649.800 32.4097 10.1742 semantic
369.730 649.800 31.3977 10.1742 relations
403.671 649.800 30.3767 10.1742 between
436.591 649.800 11.1405 10.1742 the
450.275 649.800 24.4691 10.1742 words.
478.364 649.800 20.5125 10.1742 Thus,

334.776 660.739 29.7841 10.1742 wordnet
368.399 660.739 15.6989 10.1742 help
387.936 660.739 7.0928 10.1742 in
398.866 660.739 13.5382 10.1742 text
416.243 660.739 47.6071 10.1742 classiﬁcation
467.688 660.739 13.1644 10.1742 and
484.691 660.739 14.1855 10.1742 ﬁnd

303.688 690.988 5.4700 6.1045 12
309.614 693.449 116.241 6.7901 https://wordnet.princeton.edu/

280.988 706.771 9.1166 10.1742 13

210.051 21.8897 72.3402 12.7684 ACCEPTED
285.891 21.8897 90.2327 12.7684 MANUSCRIPT

54.9470 623.773 45.6014 26.4027 A
79.5679 599.382 45.6014 24.3914 C
102.313 574.991 45.6014 24.3914 C
125.058 552.647 45.6014 22.3435 E
145.894 532.315 45.6014 20.3323 P
164.854 509.971 45.6014 22.3435 T
185.689 487.628 45.6014 22.3435 E
206.525 461.225 45.6014 26.4027 D

239.671 419.573 45.6014 32.5097 M

269.987 393.171 45.6014 26.4027 A
294.608 366.768 45.6014 26.4027 N
319.229 340.365 45.6014 26.4027 U
343.850 320.033 45.6014 20.3323 S
362.810 295.642 45.6014 24.3914 C
385.555 271.250 45.6014 24.3914 R
408.300 259.073 45.6014 12.1774 I
419.656 238.741 45.6014 20.3323 P
438.616 216.397 45.6014 22.3435 T

149.344 138.619 42.8118 10.1742 Advantages

301.957 138.619 52.9404 10.1742 Disadvantages

77.6867 149.924 33.7954 10.1742 Template
116.122 149.924 22.2811 10.1742 Based

77.6867 160.864 31.9083 10.1742 Methods

149.344 149.924 30.3767 10.1742 Because
181.599 149.924 7.5942 10.1742 of
191.071 149.924 11.1405 10.1742 the
204.090 149.924 13.5747 10.1742 fact
219.551 149.924 13.6750 10.1742 that
235.104 149.924 11.1405 10.1742 the
248.123 149.924 29.8844 10.1742 snippets
279.885 149.924 11.1314 10.1742 are

149.344 160.864 18.7438 10.1742 ﬁlled
170.112 160.864 16.2094 10.1742 with
188.354 160.864 11.1405 10.1742 the
201.519 160.864 43.0488 10.1742 information
246.600 160.864 33.2758 10.1742 extracted
281.900 160.864 9.1166 10.1742 by

149.344 171.804 43.5502 10.1742 Information
197.316 171.804 37.9800 10.1742 Extraction
239.717 171.804 31.1516 10.1742 systems,
275.828 171.804 15.1883 10.1742 pro-

149.344 182.744 15.6989 10.1742 vide
169.027 182.744 23.3022 10.1742 highly
196.313 182.744 31.3886 10.1742 coherent
231.695 182.744 13.1644 10.1742 and
248.843 182.744 42.1736 10.1742 informative

149.344 193.684 41.7816 10.1742 summaries.
202.841 193.684 18.5980 10.1742 They
226.690 193.684 12.6539 10.1742 can
244.586 193.684 8.6061 10.1742 be
258.434 193.684 16.7108 10.1742 used
280.387 193.684 10.6300 10.1742 for

149.344 204.624 58.2463 10.1742 multi-document
209.869 204.624 54.1894 10.1742 summarization
266.338 204.624 16.9661 10.1742 also.

301.957 149.924 18.5980 10.1742 They
324.539 149.924 15.1883 10.1742 lack
343.711 149.924 11.1405 10.1742 the
358.845 149.924 31.5436 10.1742 diversity
394.372 149.924 7.5942 10.1742 as
405.950 149.924 15.5621 10.1742 they
425.497 149.924 11.1314 10.1742 are
440.621 149.924 24.8246 10.1742 mostly
469.430 149.924 14.6778 10.1742 pre-

301.957 160.864 29.1186 10.1742 deﬁned.
333.965 160.864 18.5980 10.1742 They
354.861 160.864 15.1883 10.1742 lack
372.346 160.864 19.7467 10.1742 when
394.391 160.864 11.1405 10.1742 the
407.828 160.864 25.3261 10.1742 system
435.452 160.864 20.7586 10.1742 needs
458.517 160.864 7.0928 10.1742 to
467.907 160.864 16.2003 10.1742 con-

301.957 171.804 17.7228 10.1742 sider
323.636 171.804 11.1405 10.1742 the
338.742 171.804 34.9532 10.1742 similarity
377.652 171.804 13.1644 10.1742 and
394.773 171.804 39.8966 10.1742 diﬀerences
438.627 171.804 30.3767 10.1742 between
472.969 171.804 11.1405 10.1742 the

301.957 182.744 39.5024 10.1742 documents
343.738 182.744 25.0617 10.1742 (Khan,
371.079 182.744 23.5483 10.1742 2014).

77.6867 215.928 34.4427 10.1742 Ontology
116.122 215.928 22.2811 10.1742 Based

77.6867 226.869 31.9083 10.1742 Methods

149.344 215.928 34.4427 10.1742 Ontology
187.807 215.928 22.2811 10.1742 Based
214.109 215.928 31.9083 10.1742 Methods
250.037 215.928 12.6539 10.1742 can
266.712 215.928 24.3050 10.1742 handle

149.344 226.869 11.1405 10.1742 the
165.262 226.869 46.5861 10.1742 uncertainties
216.634 226.869 37.4694 10.1742 associated
258.881 226.869 16.2094 10.1742 with
279.876 226.869 11.1405 10.1742 the

149.344 237.809 13.5382 10.1742 text
165.161 237.809 22.9557 10.1742 easily.

301.957 215.928 34.4427 10.1742 Ontology
338.761 215.928 20.7586 10.1742 based
361.890 215.928 30.8963 10.1742 methods
395.147 215.928 17.2122 10.1742 need
414.721 215.928 4.0478 10.1742 a
421.130 215.928 18.2333 10.1742 good
441.733 215.928 32.4188 10.1742 ontology
476.513 215.928 7.5942 10.1742 or

301.957 226.869 36.9680 10.1742 dictionary
342.544 226.869 22.2811 10.1742 which
368.435 226.869 6.0808 10.1742 is
378.136 226.869 24.8246 10.1742 mostly
406.570 226.869 26.3198 10.1742 created
436.509 226.869 9.1166 10.1742 by
449.236 226.869 8.6061 10.1742 an
461.462 226.869 22.6458 10.1742 expert

301.957 237.809 7.0928 10.1742 in
312.724 237.809 11.1405 10.1742 the
327.529 237.809 29.6291 10.1742 domain,
361.179 237.809 15.1975 10.1742 thus
380.050 237.809 6.0808 10.1742 is
389.805 237.809 16.0635 10.1742 very
409.533 237.809 59.2582 10.1742 time-consuming
472.465 237.809 11.6420 10.1742 ap-

301.957 248.749 27.0856 10.1742 proach.

77.6867 260.054 16.3826 10.1742 Tree

116.122 260.054 22.2811 10.1742 Based

77.6867 270.994 31.9083 10.1742 Methods

149.344 260.054 14.1764 10.1742 Use
168.243 260.054 7.5942 10.1742 of
180.569 260.054 32.9111 10.1742 language
218.202 260.054 34.4245 10.1742 generator
257.358 260.054 33.6587 10.1742 improves

149.344 270.994 11.1405 10.1742 the
164.204 270.994 25.3261 10.1742 quality
193.259 270.994 7.5942 10.1742 of
204.573 270.994 41.7816 10.1742 summaries.
253.511 270.994 18.5980 10.1742 They
275.828 270.994 15.1883 10.1742 pro-

149.344 281.934 17.2122 10.1742 duce
171.333 281.934 20.7677 10.1742 ﬂuent
196.887 281.934 13.1644 10.1742 and
214.829 281.934 53.1683 10.1742 less-redundant
272.783 281.934 18.2333 10.1742 sum-

149.344 292.873 24.3050 10.1742 maries
175.928 292.873 25.0617 10.1742 (Khan,
203.269 292.873 21.2691 10.1742 2014)

301.957 260.054 16.3826 10.1742 Tree
321.494 260.054 20.7586 10.1742 based
345.407 260.054 30.8963 10.1742 methods
379.457 260.054 9.1166 10.1742 do
391.728 260.054 11.6511 10.1742 not
406.534 260.054 30.8872 10.1742 consider
440.575 260.054 11.1405 10.1742 the
454.870 260.054 29.2371 10.1742 context;

301.957 270.994 15.1975 10.1742 thus
319.433 270.994 16.7199 10.1742 miss
338.433 270.994 20.1204 10.1742 many
360.832 270.994 35.4546 10.1742 important
398.566 270.994 27.3408 10.1742 phrases
428.186 270.994 7.5942 10.1742 of
438.059 270.994 11.1405 10.1742 the
451.479 270.994 15.8174 10.1742 text.

77.6867 304.178 18.2242 10.1742 Lead
100.697 304.178 13.1644 10.1742 and
118.647 304.178 19.7558 10.1742 Body

77.6867 315.118 24.3050 10.1742 Phrase
104.270 315.118 31.9083 10.1742 Methods

149.344 304.178 18.5980 10.1742 They
171.534 304.178 11.1314 10.1742 are
186.266 304.178 18.2333 10.1742 good
208.092 304.178 10.6300 10.1742 for
222.323 304.178 32.4097 10.1742 semantic
258.324 304.178 32.6923 10.1742 revisions

149.344 315.118 7.5942 10.1742 of
163.083 315.118 4.0478 10.1742 a
173.266 315.118 15.1883 10.1742 lead
194.599 315.118 31.3886 10.1742 sentence
232.123 315.118 45.6562 10.1742 (Rananavare
283.924 315.118 7.0928 10.1742 &

149.344 326.058 26.0827 10.1742 Reddy,
177.706 326.058 23.5483 10.1742 2017).

301.957 304.178 18.2242 10.1742 Lead
323.782 304.178 13.1644 10.1742 and
340.557 304.178 19.7558 10.1742 Body
363.914 304.178 24.3050 10.1742 Phrase
391.829 304.178 31.9083 10.1742 Methods
427.338 304.178 29.3647 10.1742 produce
460.313 304.178 23.7945 10.1742 redun-

301.957 315.118 17.9780 10.1742 dant,
325.915 315.118 13.6750 10.1742 less
344.823 315.118 45.5741 10.1742 grammatical
395.639 315.118 13.1644 10.1742 and
414.037 315.118 39.0010 10.1742 sometimes
458.280 315.118 25.8275 10.1742 incom-

301.957 326.058 17.7228 10.1742 plete
324.530 326.058 41.7816 10.1742 summaries.
376.832 326.058 27.2132 10.1742 Parsing
408.895 326.058 23.7033 10.1742 failure
437.448 326.058 18.7347 10.1742 leads
461.024 326.058 7.0928 10.1742 to
472.967 326.058 11.1405 10.1742 the

301.957 336.998 23.2930 10.1742 wrong
330.483 336.998 23.7945 10.1742 phrase
359.510 336.998 42.5565 10.1742 substitution
407.300 336.998 26.8485 10.1742 leading
439.381 336.998 7.0928 10.1742 to
451.707 336.998 32.4006 10.1742 incorrect

301.957 347.938 41.7816 10.1742 summaries.

77.6867 359.243 17.2213 10.1742 Rule

116.122 359.243 22.2811 10.1742 Based

77.6867 370.183 31.9083 10.1742 Methods

149.344 359.243 41.0249 10.1742 Summaries
196.030 359.243 11.1314 10.1742 are
212.832 359.243 7.5942 10.1742 of
226.088 359.243 16.2094 10.1742 high
247.968 359.243 43.0488 10.1742 information

149.344 370.183 28.0246 10.1742 density.

301.957 359.243 30.3767 10.1742 Because
336.700 359.243 7.5942 10.1742 of
348.652 359.243 11.1405 10.1742 the
364.160 359.243 13.5747 10.1742 fact
382.092 359.243 13.6750 10.1742 that
400.134 359.243 17.7228 10.1742 rules
422.224 359.243 13.1644 10.1742 and
439.746 359.243 28.8633 10.1742 patterns
472.976 359.243 11.1314 10.1742 are

301.957 370.183 24.8246 10.1742 mostly
330.528 370.183 48.3456 10.1742 hand-crafted,
382.976 370.183 5.0689 10.1742 it
391.792 370.183 6.0808 10.1742 is
401.620 370.183 16.0635 10.1742 very
421.430 370.183 26.3380 10.1742 tedious
451.506 370.183 7.0928 10.1742 to
462.346 370.183 21.7614 10.1742 create

301.957 381.123 18.7347 10.1742 these
322.971 381.123 39.5024 10.1742 summaries
364.752 381.123 35.9469 10.1742 (Kasture1
402.978 381.123 6.5822 10.1742 et
411.840 381.123 11.1405 10.1742 al.,
425.259 381.123 23.5483 10.1742 2014).

182.098 401.413 16.0235 8.1394 Table
199.945 401.413 5.6742 8.1394 2:
207.880 401.413 34.2495 8.1394 Advantages
243.953 401.413 10.5316 8.1394 and
256.307 401.413 42.3524 8.1394 Disadvantages
300.483 401.413 6.0753 8.1394 of
308.382 401.413 30.3840 8.1394 Structured
340.589 401.413 17.8249 8.1394 Based
360.238 401.413 28.7576 8.1394 Approach

108.866 431.265 42.8118 10.1742 Advantages

301.957 431.265 52.9404 10.1742 Disadvantages

77.6867 442.570 6.8375 10.1742 1.

108.866 442.570 24.8064 10.1742 Neural
136.034 442.570 33.3305 10.1742 networks
171.716 442.570 15.6989 10.1742 help
189.767 442.570 26.8303 10.1742 capture
218.959 442.570 11.1405 10.1742 the
232.451 442.570 23.7945 10.1742 proper
258.607 442.570 32.4097 10.1742 syntactic

108.866 453.510 14.1764 10.1742 role
125.322 453.510 7.5942 10.1742 of
135.195 453.510 16.7017 10.1742 each
154.176 453.510 20.9227 10.1742 word.

301.957 442.570 21.0959 10.1742 Large
324.995 442.570 31.0787 10.1742 Training
358.015 442.570 6.0808 10.1742 is
366.038 442.570 30.3767 10.1742 required
398.356 442.570 7.0928 10.1742 to
407.400 442.570 26.8303 10.1742 capture
436.172 442.570 11.1405 10.1742 the
449.254 442.570 18.2333 10.1742 good
469.430 442.570 14.6778 10.1742 rep-

301.957 453.510 40.0039 10.1742 resentation
344.240 453.510 7.5942 10.1742 of
354.113 453.510 11.1405 10.1742 the
367.533 453.510 15.8174 10.1742 text.

77.6867 464.814 6.8375 10.1742 2.

108.866 464.814 24.8064 10.1742 Neural
135.778 464.814 35.3544 10.1742 Networks
173.239 464.814 12.6539 10.1742 can
187.989 464.814 15.6989 10.1742 help
205.794 464.814 24.2959 10.1742 reduce
232.196 464.814 11.1405 10.1742 the
245.443 464.814 45.5741 10.1742 grammatical

108.866 475.754 23.5392 10.1742 errors.

301.957 464.814 18.5980 10.1742 They
326.462 464.814 14.1764 10.1742 rely
346.546 464.814 9.1166 10.1742 on
361.571 464.814 11.1405 10.1742 the
378.628 464.814 34.4427 10.1742 statistical
418.978 464.814 51.6276 10.1742 co-occurrence
476.513 464.814 7.5942 10.1742 of

301.957 475.754 24.4691 10.1742 words,
329.653 475.754 22.2811 10.1742 which
354.970 475.754 18.7347 10.1742 leads
376.750 475.754 7.0928 10.1742 to
386.878 475.754 32.4097 10.1742 semantic
422.333 475.754 13.1644 10.1742 and
438.533 475.754 45.5741 10.1742 grammatical

301.957 486.694 21.2600 10.1742 errors
325.496 486.694 36.9771 10.1742 (Rossiello
364.752 486.694 6.5822 10.1742 et
373.614 486.694 11.1405 10.1742 al.,
387.033 486.694 23.5483 10.1742 2016).

77.6867 497.998 6.8375 10.1742 3.

108.866 497.998 19.2361 10.1742 Deep
131.977 497.998 22.7825 10.1742 neural
158.634 497.998 33.3305 10.1742 networks
195.839 497.998 15.6989 10.1742 help
215.412 497.998 26.8303 10.1742 capture
246.117 497.998 11.1405 10.1742 the
261.132 497.998 29.8844 10.1742 intrinsic

108.866 508.939 13.1644 10.1742 and
124.310 508.939 16.2094 10.1742 high
142.798 508.939 17.3581 10.1742 level
162.435 508.939 38.8187 10.1742 distributed
203.533 508.939 51.6458 10.1742 representation
257.458 508.939 7.5942 10.1742 of
267.332 508.939 17.4675 10.1742 data.

301.957 497.998 19.2361 10.1742 Deep
324.138 497.998 32.9111 10.1742 Learning
359.993 497.998 27.3499 10.1742 Models
390.288 497.998 25.3261 10.1742 mainly
418.568 497.998 18.6435 10.1742 work
440.156 497.998 6.5822 10.1742 at
449.683 497.998 34.4245 10.1742 sentence-

301.957 508.939 19.6373 10.1742 level,
326.307 508.939 22.2811 10.1742 which
352.819 508.939 23.2019 10.1742 makes
380.251 508.939 18.2333 10.1742 them
402.705 508.939 30.9277 10.1742 eﬀective
437.863 508.939 10.6300 10.1742 for
452.714 508.939 31.3886 10.1742 sentence

301.957 519.879 46.0847 10.1742 compression
350.941 519.879 11.4687 10.1742 but
365.299 519.879 11.6511 10.1742 not
379.849 519.879 20.2572 10.1742 much
402.997 519.879 7.0928 10.1742 to
412.988 519.879 11.1405 10.1742 the
427.019 519.879 35.9561 10.1742 document
465.874 519.879 18.2333 10.1742 sum-

301.957 530.819 41.2711 10.1742 marization.

77.6867 542.124 6.8375 10.1742 4.

108.866 542.124 19.2361 10.1742 Deep
131.038 542.124 32.9111 10.1742 Learning
166.875 542.124 26.3380 10.1742 models
196.140 542.124 15.6989 10.1742 help
214.774 542.124 26.8303 10.1742 capture
244.531 542.124 11.1405 10.1742 the
258.607 542.124 32.4097 10.1742 semantic

108.866 553.064 13.1644 10.1742 and
123.799 553.064 32.4097 10.1742 syntactic
157.977 553.064 31.8992 10.1742 structure
191.654 553.064 7.5942 10.1742 of
201.017 553.064 11.1405 10.1742 the
213.926 553.064 13.5382 10.1742 text
229.233 553.064 29.8753 10.1742 together
260.886 553.064 22.2811 10.1742 which
284.936 553.064 6.0808 10.1742 is

108.866 564.004 11.6511 10.1742 not
123.507 564.004 29.8844 10.1742 possible
156.373 564.004 16.2094 10.1742 with
175.573 564.004 24.3141 10.1742 simple
202.877 564.004 35.4455 10.1742 extractive
241.304 564.004 7.5942 10.1742 or
251.888 564.004 39.1287 10.1742 abstractive

108.866 574.944 38.9919 10.1742 techniques
150.137 574.944 21.7797 10.1742 (Song
174.196 574.944 6.5822 10.1742 et
183.057 574.944 11.1405 10.1742 al.,
196.477 574.944 28.1066 10.1742 2018b).

301.957 542.124 18.7438 10.1742 Most
325.259 542.124 7.5942 10.1742 of
337.421 542.124 11.1405 10.1742 the
353.119 542.124 18.4886 10.1742 time,
376.741 542.124 18.2242 10.1742 there
399.523 542.124 6.0808 10.1742 is
410.162 542.124 8.6061 10.1742 an
423.336 542.124 36.4666 10.1742 alignment
464.361 542.124 19.7467 10.1742 prob-

301.957 553.064 13.6750 10.1742 lem
318.102 553.064 30.3767 10.1742 between
350.941 553.064 11.1405 10.1742 the
364.552 553.064 28.3619 10.1742 original
395.384 553.064 13.1644 10.1742 and
411.010 553.064 28.3619 10.1742 training
441.843 553.064 17.4675 10.1742 data,
461.826 553.064 22.2811 10.1742 which

301.957 564.004 18.7347 10.1742 leads
323.974 564.004 7.0928 10.1742 to
334.348 564.004 33.9322 10.1742 problems
371.562 564.004 23.8036 10.1742 during
398.657 564.004 39.1287 10.1742 abstractive
441.068 564.004 43.0397 10.1742 summariza-

301.957 574.944 14.1855 10.1742 tion
318.421 574.944 28.3619 10.1742 (Jobson
349.063 574.944 7.0928 10.1742 &
358.434 574.944 35.6917 10.1742 Gutirrez).

77.6867 586.249 6.8375 10.1742 5.

108.866 586.249 18.5980 10.1742 They
129.743 586.249 15.6989 10.1742 help
147.721 586.249 27.4776 10.1742 achieve
177.478 586.249 20.7586 10.1742 better
200.516 586.249 60.6531 10.1742 ROUGE-Scores.

301.957 586.249 18.5980 10.1742 Even
323.846 586.249 27.6052 10.1742 though,
354.988 586.249 18.7347 10.1742 these
377.014 586.249 38.9919 10.1742 techniques
419.297 586.249 21.7614 10.1742 create
444.350 586.249 18.2333 10.1742 short
465.874 586.249 18.2333 10.1742 sum-

301.957 597.188 24.3050 10.1742 maries
328.942 597.188 11.4687 10.1742 but
343.091 597.188 15.5621 10.1742 they
361.334 597.188 15.1883 10.1742 lack
379.193 597.188 7.0928 10.1742 in
388.966 597.188 20.2572 10.1742 terms
411.904 597.188 7.5942 10.1742 of
422.178 597.188 43.0488 10.1742 information
467.907 597.188 16.2003 10.1742 den-

301.957 608.128 13.1736 10.1742 sity
319.944 608.128 31.3977 10.1742 (Baumel
356.155 608.128 6.5822 10.1742 et
367.560 608.128 11.1405 10.1742 al.,
383.514 608.128 23.5483 10.1742 2018).
417.492 608.128 18.5980 10.1742 They
440.913 608.128 20.6553 10.1742 suﬀer
466.382 608.128 17.7228 10.1742 from

301.957 619.068 11.1405 10.1742 the
316.954 619.068 30.3858 10.1742 problem
351.196 619.068 7.5942 10.1742 of
362.646 619.068 38.4905 10.1742 repetitions
404.993 619.068 19.7467 10.1742 when
428.596 619.068 29.3647 10.1742 creating
461.817 619.068 22.2902 10.1742 multi-

301.957 630.009 31.3886 10.1742 sentence
335.306 630.009 39.5024 10.1742 summaries
376.759 630.009 22.2811 10.1742 (Chen
401.000 630.009 7.0928 10.1742 &
410.053 630.009 27.0947 10.1742 Bansal,
439.099 630.009 21.2691 10.1742 2018)
462.328 630.009 21.7797 10.1742 (Song

301.957 640.949 6.5822 10.1742 et
311.119 640.949 11.1405 10.1742 al.,
324.840 640.949 27.5961 10.1742 2018a).
356.164 640.949 19.5005 10.1742 Also,
378.318 640.949 15.5621 10.1742 they
396.460 640.949 20.6578 10.1742 suﬀer
419.698 640.949 17.7228 10.1742 from
440.001 640.949 11.1405 10.1742 the
453.721 640.949 30.3858 10.1742 problem

301.957 651.889 7.5942 10.1742 of
312.468 651.889 16.9934 10.1742 slow
332.388 651.889 33.4216 10.1742 encoding
368.727 651.889 19.7467 10.1742 when
391.391 651.889 11.1405 10.1742 the
405.458 651.889 35.9561 10.1742 document
444.332 651.889 7.0928 10.1742 to
454.351 651.889 8.6061 10.1742 be
465.874 651.889 18.2333 10.1742 sum-

301.957 662.829 29.3647 10.1742 marized
333.601 662.829 6.0808 10.1742 is
341.961 662.829 16.2094 10.1742 long
360.449 662.829 22.2811 10.1742 (Chen
385.009 662.829 7.0928 10.1742 &
394.381 662.829 27.0947 10.1742 Bansal,
423.755 662.829 23.5483 10.1742 2018).

145.076 683.119 16.0235 8.1394 Table
162.923 683.119 5.6742 8.1394 3:
170.858 683.119 34.2495 8.1394 Advantages
206.931 683.119 10.5316 8.1394 and
219.286 683.119 42.3524 8.1394 Disadvantages
263.462 683.119 6.0753 8.1394 of
271.360 683.119 15.3889 8.1394 Deep
288.572 683.119 26.3289 8.1394 Learning
316.725 683.119 10.5316 8.1394 and
329.080 683.119 19.8452 8.1394 Neural
350.748 683.119 28.2836 8.1394 Networks
380.855 683.119 16.6069 8.1394 based
399.285 683.119 26.7301 8.1394 approach

280.988 706.771 9.1166 10.1742 14

210.051 21.8897 72.3402 12.7684 ACCEPTED
285.891 21.8897 90.2327 12.7684 MANUSCRIPT

54.9470 623.773 45.6014 26.4027 A
79.5679 599.382 45.6014 24.3914 C
102.313 574.991 45.6014 24.3914 C
125.058 552.647 45.6014 22.3435 E
145.894 532.315 45.6014 20.3323 P
164.854 509.971 45.6014 22.3435 T
185.689 487.628 45.6014 22.3435 E
206.525 461.225 45.6014 26.4027 D

239.671 419.573 45.6014 32.5097 M

269.987 393.171 45.6014 26.4027 A
294.608 366.768 45.6014 26.4027 N
319.229 340.365 45.6014 26.4027 U
343.850 320.033 45.6014 20.3323 S
362.810 295.642 45.6014 24.3914 C
385.555 271.250 45.6014 24.3914 R
408.300 259.073 45.6014 12.1774 I
419.656 238.741 45.6014 20.3323 P
438.616 216.397 45.6014 22.3435 T

149.344 131.326 42.8118 10.1742 Advantages

241.239 131.326 52.9404 10.1742 Disadvantages

77.6867 142.631 20.7677 10.1742 AMR
100.733 142.631 26.3289 10.1742 Graphs

149.344 142.631 21.2691 10.1742 Helps
174.223 142.631 29.3647 10.1742 produce
207.198 142.631 23.1016 10.1742 coher-

149.344 153.571 13.4197 10.1742 ent,
170.914 153.571 13.6750 10.1742 less
191.563 153.571 38.7366 10.1742 redundant,

149.344 164.510 13.1644 10.1742 and

177.633 164.510 52.6669 10.1742 grammatically

149.344 175.450 25.3078 10.1742 correct
176.931 175.450 37.2142 10.1742 sentences.

248.076 156.146 6.8375 10.1742 1.
259.472 156.146 20.7677 10.1742 AMR
283.458 156.146 26.3289 10.1742 Graphs
313.014 156.146 11.1314 10.1742 are
327.364 156.146 16.0635 10.1742 very
346.655 156.146 20.2572 10.1742 much
370.139 156.146 37.9800 10.1742 inﬂuenced
411.337 156.146 9.1166 10.1742 by
423.681 156.146 23.8036 10.1742 syntax
450.703 156.146 13.1644 10.1742 and

259.472 167.086 15.1975 10.1742 thus
278.872 167.086 16.7108 10.1742 does
299.795 167.086 11.6511 10.1742 not
315.649 167.086 27.3499 10.1742 support
347.202 167.086 35.1720 10.1742 discovery
386.585 167.086 13.1644 10.1742 and
403.953 167.086 48.1177 10.1742 manipulation
456.273 167.086 7.5942 10.1742 of

259.472 178.026 34.1783 10.1742 concepts.

248.076 190.060 6.8375 10.1742 2.
259.472 190.060 32.8104 10.1742 Diﬀerent
295.173 190.060 24.3050 10.1742 graphs
322.368 190.060 11.1314 10.1742 are
336.380 190.060 35.4364 10.1742 generated
374.706 190.060 10.6300 10.1742 for
388.226 190.060 18.7347 10.1742 same
409.842 190.060 31.3886 10.1742 sentence
444.121 190.060 19.7467 10.1742 when

259.472 201.000 15.5621 10.1742 they
277.313 201.000 11.1314 10.1742 are
290.724 201.000 30.3767 10.1742 changed
323.380 201.000 7.0928 10.1742 to
332.752 201.000 21.4059 10.1742 active
356.437 201.000 7.5942 10.1742 or
366.310 201.000 26.4747 10.1742 passive
395.064 201.000 21.8435 10.1742 voice.

248.076 213.034 6.8375 10.1742 3.
259.472 213.034 20.7677 10.1742 AMR
282.346 213.034 26.3289 10.1742 Graphs
310.790 213.034 14.6869 10.1742 also
327.583 213.034 20.6600 10.1742 suﬀer
350.349 213.034 17.7228 10.1742 from
370.187 213.034 11.1405 10.1742 the
383.433 213.034 15.1883 10.1742 data
400.736 213.034 28.3619 10.1742 sparsity
431.204 213.034 32.6650 10.1742 problem.

248.076 225.068 6.8375 10.1742 4.
259.472 225.068 20.7677 10.1742 AMR
282.619 225.068 26.3289 10.1742 Graphs
311.328 225.068 23.3022 10.1742 highly
337.009 225.068 14.1764 10.1742 rely
353.574 225.068 9.1166 10.1742 on
365.070 225.068 36.4666 10.1742 PropBank
403.916 225.068 10.6300 10.1742 for
416.926 225.068 31.3977 10.1742 relations
450.703 225.068 13.1644 10.1742 and

259.472 236.008 15.1975 10.1742 thus
276.949 236.008 16.7108 10.1742 adds
295.939 236.008 39.5024 10.1742 constraints
337.720 236.008 13.1644 10.1742 and
353.164 236.008 39.0101 10.1742 limitations
394.453 236.008 7.5942 10.1742 of
404.326 236.008 36.4666 10.1742 PropBank
443.072 236.008 7.0928 10.1742 to
452.444 236.008 7.3480 10.1742 it.

248.076 248.042 6.8375 10.1742 5.
259.472 248.042 18.2242 10.1742 Lack
282.565 248.042 7.5942 10.1742 of
295.027 248.042 26.8394 10.1742 aligned
326.735 248.042 42.0369 10.1742 annotations
373.631 248.042 21.7614 10.1742 create
400.261 248.042 38.4814 10.1742 challenges
443.610 248.042 20.2572 10.1742 while

259.472 258.982 26.8394 10.1742 parsing
288.591 258.982 20.7677 10.1742 AMR
311.638 258.982 28.6080 10.1742 Graphs.

77.6867 281.227 18.2242 10.1742 INIT

116.122 281.227 22.2811 10.1742 Based

77.6867 292.167 31.9083 10.1742 Methods

149.344 281.227 18.2242 10.1742 INIT
172.345 281.227 22.2811 10.1742 Based
199.404 281.227 30.8963 10.1742 methods

149.344 292.167 29.3647 10.1742 produce

196.632 292.167 33.6678 10.1742 coherent,

149.344 303.107 53.1683 10.1742 non-redundant
204.755 303.107 13.1644 10.1742 and
220.171 303.107 10.1286 10.1742 in-

149.344 314.048 35.0809 10.1742 formative
186.704 314.048 41.7816 10.1742 summaries.

241.239 281.227 6.5822 10.1742 A
252.133 281.227 23.3022 10.1742 Single
279.748 281.227 18.2242 10.1742 INIT
302.284 281.227 16.7199 10.1742 does
323.316 281.227 11.6511 10.1742 not
339.279 281.227 33.4125 10.1742 represent
377.004 281.227 11.1405 10.1742 the
392.466 281.227 33.4216 10.1742 complete
430.200 281.227 33.6678 10.1742 sentence.

241.239 292.167 18.2333 10.1742 Thus
262.052 292.167 20.1204 10.1742 many
284.744 292.167 21.7706 10.1742 INITs
309.094 292.167 17.2122 10.1742 need
328.877 292.167 7.0928 10.1742 to
338.550 292.167 8.6061 10.1742 be
349.727 292.167 19.7467 10.1742 fused
372.054 292.167 29.8753 10.1742 together
404.500 292.167 7.0928 10.1742 to
414.173 292.167 21.7614 10.1742 create
438.514 292.167 4.0478 10.1742 a
445.133 292.167 18.7347 10.1742 com-

241.239 303.107 17.7228 10.1742 plete
261.214 303.107 31.3886 10.1742 sentence
294.854 303.107 28.3528 10.1742 (Genest
325.459 303.107 7.0928 10.1742 &
334.803 303.107 34.1783 10.1742 Lapalme,
371.224 303.107 23.5483 10.1742 2011).
397.589 303.107 18.2242 10.1742 INIT
418.065 303.107 22.2811 10.1742 Based
442.598 303.107 21.2691 10.1742 meth-

241.239 314.048 12.6630 10.1742 ods
256.974 314.048 26.3289 10.1742 discard
286.385 314.048 4.0478 10.1742 a
293.505 314.048 9.6272 10.1742 lot
306.213 314.048 7.5942 10.1742 of
316.880 314.048 35.4546 10.1742 important
355.407 314.048 43.0488 10.1742 information
401.537 314.048 20.2572 10.1742 while
424.866 314.048 39.0010 10.1742 attempting

241.239 324.987 7.0928 10.1742 to
251.550 324.987 21.7614 10.1742 create
276.539 324.987 52.6669 10.1742 grammatically
332.424 324.987 25.3078 10.1742 correct
360.950 324.987 13.1644 10.1742 and
377.341 324.987 41.5263 10.1742 meaningful
422.086 324.987 41.7816 10.1742 summaries.

241.239 335.927 32.9020 10.1742 Incorrect
276.958 335.927 22.7825 10.1742 parses
302.558 335.927 14.6869 10.1742 also
320.071 335.927 15.1883 10.1742 lead
338.076 335.927 7.0928 10.1742 to
347.986 335.927 11.1405 10.1742 the
361.943 335.927 38.4814 10.1742 generation
403.251 335.927 7.5942 10.1742 of
413.662 335.927 13.4471 10.1742 low
429.926 335.927 33.9413 10.1742 linguistic

241.239 346.867 25.3261 10.1742 quality
268.844 346.867 39.5024 10.1742 summaries
310.626 346.867 22.7825 10.1742 (Khan
335.687 346.867 6.5822 10.1742 et
344.549 346.867 11.1405 10.1742 al.,
357.969 346.867 21.2691 10.1742 2018)

77.6867 358.172 43.0579 10.1742 Multimodal

77.6867 369.112 22.2811 10.1742 Based
102.247 369.112 31.9083 10.1742 Methods

149.344 358.172 43.0579 10.1742 Multimodal

209.541 358.172 20.7586 10.1742 based

149.344 369.112 30.8963 10.1742 methods

200.935 369.112 29.3647 10.1742 produce

149.344 380.052 32.7744 10.1742 excellent

197.671 380.052 32.6285 10.1742 coverage

149.344 390.992 41.7816 10.1742 summaries.

241.239 358.172 27.8514 10.1742 Manual
271.524 358.172 37.5332 10.1742 evaluation
311.492 358.172 6.0808 10.1742 is
320.016 358.172 30.3767 10.1742 required
352.827 358.172 7.5942 10.1742 as
362.864 358.172 11.1405 10.1742 the
376.439 358.172 35.9561 10.1742 document
414.838 358.172 30.3858 10.1742 contains
447.658 358.172 16.2094 10.1742 both

241.239 369.112 25.8275 10.1742 images
269.346 369.112 13.1644 10.1742 and
284.789 369.112 15.8174 10.1742 text.

77.6867 402.297 17.2213 10.1742 Rich
104.471 402.297 33.9322 10.1742 Semantic

77.6867 413.237 22.7825 10.1742 Graph

116.122 413.237 22.2811 10.1742 Based

77.6867 424.177 31.9083 10.1742 Methods

149.344 402.297 18.5980 10.1742 They
177.597 402.297 29.3647 10.1742 produce
216.625 402.297 13.6750 10.1742 less

149.344 413.237 36.4575 10.1742 redundant
190.579 413.237 13.1644 10.1742 and
208.529 413.237 21.7706 10.1742 gram-

149.344 424.177 33.9322 10.1742 matically

204.992 424.177 25.3078 10.1742 correct

149.344 435.116 41.7816 10.1742 summaries.

241.239 402.297 17.2213 10.1742 Rich
262.408 402.297 33.9322 10.1742 Semantic
300.287 402.297 50.1325 10.1742 Graphs(RSG)
354.367 402.297 11.1314 10.1742 are
369.455 402.297 24.8246 10.1742 mostly
398.228 402.297 25.8366 10.1742 limited
428.012 402.297 7.0928 10.1742 to
439.052 402.297 24.8155 10.1742 single-

241.239 413.237 35.9561 10.1742 document
279.474 413.237 56.4685 10.1742 summarization.

183.717 455.407 16.0235 8.1394 Table
201.563 455.407 5.6742 8.1394 4:
209.498 455.407 34.2495 8.1394 Advantages
245.571 455.407 10.5316 8.1394 and
257.926 455.407 42.3524 8.1394 Disadvantages
302.102 455.407 6.0753 8.1394 of
310.001 455.407 27.1458 8.1394 Semantic
338.970 455.407 17.8249 8.1394 Based
358.618 455.407 28.7576 8.1394 Approach

110.506 482.705 11.1405 10.1742 the
124.764 482.705 31.8992 10.1742 concepts
159.791 482.705 7.0928 10.1742 in
170.001 482.705 11.1405 10.1742 the
184.269 482.705 13.5382 10.1742 text
200.925 482.705 22.2811 10.1742 which
226.324 482.705 15.6989 10.1742 then
245.150 482.705 19.2452 10.1742 helps
267.513 482.705 7.0928 10.1742 in

110.506 493.646 13.5382 10.1742 text
126.323 493.646 54.1894 10.1742 summarization
182.792 493.646 29.6200 10.1742 process.

101.416 510.049 4.5310 16.5011 •
110.506 509.757 36.4575 10.1742 FrameNet
150.901 508.904 6.3816 7.1219 13
161.676 509.757 2.5344 10.1742 :
170.355 509.757 5.5703 10.1742 It
179.863 509.757 6.0808 10.1742 is
189.883 509.757 4.0478 10.1742 a
197.860 509.757 24.8155 10.1742 human
226.614 509.757 13.1644 10.1742 and
243.716 509.757 30.8872 10.1742 machine

110.506 520.697 30.8781 10.1742 readable
144.256 520.697 26.3380 10.1742 english
173.465 520.697 24.1682 10.1742 lexical
200.505 520.697 31.3886 10.1742 database
234.766 520.697 16.2094 10.1742 with
253.847 520.697 20.7586 10.1742 anno-

110.506 531.637 20.7677 10.1742 tating
134.483 531.637 36.5760 10.1742 examples.
176.684 531.637 5.5703 10.1742 It
185.463 531.637 19.2452 10.1742 helps
207.926 531.637 22.7916 10.1742 assign
233.927 531.637 11.1405 10.1742 the
248.277 531.637 26.3289 10.1742 seman-

110.506 542.577 9.1166 10.1742 tic
122.321 542.577 20.0019 10.1742 roles,
145.131 542.577 13.1644 10.1742 and
160.994 542.577 19.2452 10.1742 helps
182.938 542.577 14.1855 10.1742 ﬁnd
199.831 542.577 11.1405 10.1742 the
213.670 542.577 46.5952 10.1742 relationships
262.964 542.577 11.6420 10.1742 be-

110.506 553.518 21.7706 10.1742 tween
134.556 553.518 11.1405 10.1742 the
147.975 553.518 39.2381 10.1742 predicates.

101.416 569.920 4.5310 16.5011 •
110.506 569.629 27.7146 10.1742 SParser
140.054 568.776 6.3816 7.1219 14
146.892 569.629 2.5344 10.1742 :
152.033 569.629 5.5703 10.1742 It
159.436 569.629 6.0808 10.1742 is
167.349 569.629 4.0478 10.1742 a
173.230 569.629 23.7945 10.1742 phrase
198.856 569.629 55.6936 10.1742 structure-based
256.383 569.629 18.2242 10.1742 chart

110.506 580.569 24.0497 10.1742 parser.
137.929 580.569 5.5703 10.1742 It
145.961 580.569 12.1525 10.1742 has
160.584 580.569 8.6061 10.1742 an
171.651 580.569 33.9322 10.1742 extensive
208.045 580.569 13.1644 10.1742 and
223.671 580.569 37.8432 10.1742 extendible
263.976 580.569 10.6300 10.1742 se-

110.506 591.508 24.8155 10.1742 mantic
138.458 591.508 34.6888 10.1742 grammar.
178.553 591.508 51.7917 10.1742 (Greenbacker,
233.489 591.508 21.2691 10.1742 2011)
257.895 591.508 16.7108 10.1742 used

110.506 602.449 11.1405 10.1742 the
125.384 602.449 27.7146 10.1742 SParser
156.846 602.449 7.0928 10.1742 to
167.676 602.449 30.8781 10.1742 generate
202.292 602.449 11.1405 10.1742 the
217.180 602.449 42.0460 10.1742 multimodal
262.964 602.449 11.6420 10.1742 ab-

110.506 613.389 30.5225 10.1742 stractive
145.660 613.389 41.7816 10.1742 summaries.
197.333 613.389 5.5703 10.1742 It
207.534 613.389 12.1525 10.1742 has
224.327 613.389 17.2122 10.1742 been
246.171 613.389 16.7108 10.1742 used
267.513 613.389 7.0928 10.1742 in

110.506 624.329 49.5125 10.1742 (Greenbacker
162.206 624.329 6.5822 10.1742 et
170.986 624.329 11.1405 10.1742 al.,
184.314 624.329 21.2691 10.1742 2011)
207.771 624.329 7.0928 10.1742 to
217.052 624.329 29.3647 10.1742 perform
248.614 624.329 11.1405 10.1742 the
261.943 624.329 12.6630 10.1742 lin-

110.506 635.269 24.3141 10.1742 guistic
138.622 635.269 29.3738 10.1742 analysis
171.797 635.269 9.1166 10.1742 by
184.715 635.269 40.0130 10.1742 identifying
228.530 635.269 16.7017 10.1742 each
249.033 635.269 14.1764 10.1742 part
267.011 635.269 7.5942 10.1742 of

110.506 646.209 11.1405 10.1742 the
124.518 646.209 13.5382 10.1742 text
140.919 646.209 7.0928 10.1742 in
150.884 646.209 20.2572 10.1742 terms
174.012 646.209 7.5942 10.1742 of
184.469 646.209 25.8275 10.1742 subject
213.168 646.209 13.1644 10.1742 and
229.196 646.209 31.3977 10.1742 obtained
263.465 646.209 11.1405 10.1742 the

79.4190 673.422 5.4700 6.1045 13
85.3442 675.883 170.483 6.7901 https://framenet.icsi.berkeley.edu/fndrupal/

72.2164 684.545 19.3748 6.7901 about

79.4190 690.988 5.4700 6.1045 14
85.3442 693.449 135.616 6.7901 https://github.com/charlieg/Sparser

334.776 482.705 31.8992 10.1742 concepts
368.845 482.705 7.0928 10.1742 in
378.117 482.705 20.2572 10.1742 terms
400.544 482.705 7.5942 10.1742 of
410.317 482.705 66.3327 10.1742 partially-saturated
478.819 482.705 20.0566 10.1742 refer-

334.776 493.646 16.9661 10.1742 ents.

325.687 510.038 4.5310 16.5011 •
334.776 509.746 37.6518 10.1742 MINIPAR
376.850 509.746 22.6458 10.1742 Parser
403.919 508.893 6.3816 7.1219 15
410.756 509.746 2.5344 10.1742 :
420.402 509.746 28.3528 10.1742 (Genest
453.185 509.746 7.0928 10.1742 &
464.699 509.746 34.1783 10.1742 Lapalme,

334.776 520.687 21.2691 10.1742 2011)
360.248 520.687 16.7108 10.1742 used
381.153 520.687 13.1736 10.1742 this
398.529 520.687 22.2720 10.1742 parser
424.995 520.687 7.0928 10.1742 to
436.290 520.687 14.1855 10.1742 ﬁnd
454.669 520.687 11.1405 10.1742 the
470.013 520.687 28.8633 10.1742 subject-

334.776 531.627 41.3805 10.1742 verb-object
378.573 531.627 27.6052 10.1742 triplets.
409.414 531.627 5.5703 10.1742 It
417.410 531.627 18.6435 10.1742 takes
438.469 531.627 4.0478 10.1742 a
444.933 531.627 31.3886 10.1742 sentence
478.737 531.627 7.5942 10.1742 as
488.747 531.627 10.1286 10.1742 in-

334.776 542.567 13.9302 10.1742 put,
351.341 542.567 22.7825 10.1742 parses
376.686 542.567 11.1405 10.1742 the
390.388 542.567 31.3886 10.1742 sentence
424.347 542.567 13.1644 10.1742 and
440.074 542.567 17.7319 10.1742 ﬁnds
460.367 542.567 11.1405 10.1742 the
474.070 542.567 24.8064 10.1742 depen-

334.776 553.507 21.6338 10.1742 dency
359.200 553.507 31.3977 10.1742 relations
393.378 553.507 24.8155 10.1742 among
420.983 553.507 11.1405 10.1742 the
434.905 553.507 22.1899 10.1742 words
459.884 553.507 7.0928 10.1742 in
469.758 553.507 11.1405 10.1742 the
483.688 553.507 15.1883 10.1742 sen-

334.776 564.447 21.5153 10.1742 tence.

325.687 580.839 4.5310 16.5011 •
334.776 580.548 23.2930 10.1742 GATE
364.214 580.548 43.0488 10.1742 information
413.408 580.548 37.9800 10.1742 Extraction
457.532 580.548 25.8275 10.1742 Engine
489.505 579.695 6.3816 7.1219 16
496.342 580.548 2.5344 10.1742 :

334.776 591.487 23.2930 10.1742 GATE
360.020 591.487 6.0808 10.1742 is
368.043 591.487 4.0478 10.1742 a
374.042 591.487 64.3088 10.1742 component-based
440.302 591.487 13.1644 10.1742 and
455.408 591.487 17.7228 10.1742 open
475.082 591.487 23.7945 10.1742 source

334.776 602.427 17.2213 10.1742 NLP
353.757 602.427 16.4647 10.1742 tool.
372.866 602.427 5.5703 10.1742 It
380.196 602.427 19.2452 10.1742 helps
401.200 602.427 7.0928 10.1742 in
410.043 602.427 16.7199 10.1742 POS
428.523 602.427 27.3499 10.1742 tagging
457.623 602.427 13.1644 10.1742 and
472.547 602.427 26.3289 10.1742 seman-

334.776 613.368 9.1166 10.1742 tic
346.774 613.368 29.6291 10.1742 tagging.
381.034 613.368 18.5980 10.1742 They
402.504 613.368 15.6989 10.1742 help
421.084 613.368 28.3619 10.1742 identify
452.326 613.368 11.1405 10.1742 the
466.348 613.368 32.5282 10.1742 lexicons,

334.776 624.308 26.3380 10.1742 entities
364.870 624.308 13.1644 10.1742 and
381.791 624.308 40.2682 10.1742 ontologies.
429.325 624.308 18.5980 10.1742 They
451.679 624.308 16.8932 10.1742 have
472.328 624.308 4.0478 10.1742 a
480.132 624.308 18.7438 10.1742 ﬁnite

334.776 635.248 16.7108 10.1742 state
356.201 635.248 45.0727 10.1742 transduction
405.987 635.248 41.5263 10.1742 capabilities
452.226 635.248 22.2811 10.1742 which
479.221 635.248 19.6555 10.1742 make

334.776 646.188 18.2333 10.1742 them
356.729 646.188 28.3619 10.1742 suitable
388.802 646.188 10.6300 10.1742 for
403.151 646.188 54.1894 10.1742 summarization
461.060 646.188 7.5942 10.1742 as
472.365 646.188 15.6989 10.1742 help
491.783 646.188 7.0928 10.1742 in

303.688 673.348 5.4700 6.1045 15
309.614 675.810 136.068 6.7901 https://gate.ac.uk/releases/gate-7.

296.486 684.471 148.145 6.7901 0-build4195-ALL/doc/tao/splitch17.html

303.688 690.988 5.4700 6.1045 16
309.614 693.449 158.858 6.7901 https://gate.ac.uk/sale/tao/splitch1.html

280.988 706.771 9.1166 10.1742 15

210.051 21.8897 72.3402 12.7684 ACCEPTED
285.891 21.8897 90.2327 12.7684 MANUSCRIPT

54.9470 623.773 45.6014 26.4027 A
79.5679 599.382 45.6014 24.3914 C
102.313 574.991 45.6014 24.3914 C
125.058 552.647 45.6014 22.3435 E
145.894 532.315 45.6014 20.3323 P
164.854 509.971 45.6014 22.3435 T
185.689 487.628 45.6014 22.3435 E
206.525 461.225 45.6014 26.4027 D

239.671 419.573 45.6014 32.5097 M

269.987 393.171 45.6014 26.4027 A
294.608 366.768 45.6014 26.4027 N
319.229 340.365 45.6014 26.4027 U
343.850 320.033 45.6014 20.3323 S
362.810 295.642 45.6014 24.3914 C
385.555 271.250 45.6014 24.3914 R
408.300 259.073 45.6014 12.1774 I
419.656 238.741 45.6014 20.3323 P
438.616 216.397 45.6014 22.3435 T

110.506 132.420 25.3169 10.1742 pattern
137.664 132.420 33.9322 10.1742 matching
173.438 132.420 13.1644 10.1742 and
188.435 132.420 40.0130 10.1742 identifying
230.290 132.420 44.3160 10.1742 annotations.

110.506 143.360 5.5703 10.1742 It
120.634 143.360 6.0808 10.1742 is
131.274 143.360 14.6869 10.1742 also
150.519 143.360 29.8844 10.1742 possible
184.962 143.360 7.0928 10.1742 to
196.613 143.360 12.1525 10.1742 use
213.323 143.360 17.7228 10.1742 rules
235.605 143.360 16.2094 10.1742 with
256.372 143.360 18.2333 10.1742 them

110.506 154.300 10.6300 10.1742 for
124.281 154.300 30.9196 10.1742 eﬀective
158.346 154.300 56.4685 10.1742 summarization.
220.221 154.300 28.3528 10.1742 (Genest
251.719 154.300 7.0928 10.1742 &
261.948 154.300 12.6539 10.1742 La-

110.506 165.240 24.5603 10.1742 palme,
137.345 165.240 21.2691 10.1742 2011)
160.894 165.240 16.7108 10.1742 used
179.884 165.240 5.0689 10.1742 it
187.232 165.240 10.6300 10.1742 for
200.141 165.240 32.4097 10.1742 syntactic
234.830 165.240 31.6530 10.1742 analysis.

101.416 181.556 4.5310 16.5011 •
110.506 181.264 36.4666 10.1742 PropBank
150.783 180.410 6.3816 7.1219 17
161.430 181.264 2.5344 10.1742 :
169.853 181.264 5.5703 10.1742 It
179.234 181.264 6.0808 10.1742 is
189.126 181.264 4.0478 10.1742 a
196.985 181.264 24.3050 10.1742 corpus
225.091 181.264 7.5942 10.1742 of
236.496 181.264 13.5382 10.1742 text
253.845 181.264 20.7586 10.1742 anno-

110.506 192.204 17.7228 10.1742 tated
130.262 192.204 16.2094 10.1742 with
148.495 192.204 43.0488 10.1742 information
193.577 192.204 20.2572 10.1742 about
215.858 192.204 32.4097 10.1742 semantic
250.301 192.204 24.3050 10.1742 propo-

110.506 203.144 26.0918 10.1742 sitions.
139.415 203.144 71.2284 10.1742 Predicate-argument
212.895 203.144 31.3977 10.1742 relations
246.535 203.144 11.1314 10.1742 are
259.919 203.144 14.6869 10.1742 also

110.506 214.083 32.5009 10.1742 available
145.541 214.083 7.0928 10.1742 to
155.168 214.083 32.4097 10.1742 syntactic
190.112 214.083 18.2333 10.1742 Penn
210.871 214.083 37.9070 10.1742 TreeBank.
252.370 214.083 22.2355 10.1742 (Vilca

110.506 225.024 7.0928 10.1742 &
120.170 225.024 38.7366 10.1742 Cabezudo,
161.477 225.024 21.2691 10.1742 2017)
185.317 225.024 16.7108 10.1742 used
204.608 225.024 5.0689 10.1742 it
212.248 225.024 10.6300 10.1742 for
225.449 225.024 32.4097 10.1742 semantic
260.429 225.024 14.1764 10.1742 role

110.506 235.964 36.9771 10.1742 modelling
149.325 235.964 22.2811 10.1742 which
173.447 235.964 19.2452 10.1742 helps
194.534 235.964 28.3619 10.1742 identify
224.738 235.964 34.4427 10.1742 questions
261.022 235.964 13.5838 10.1742 like

110.506 246.904 28.0519 10.1742 ”Why”,
140.837 246.904 35.1903 10.1742 ”Whom”,
178.306 246.904 34.6706 10.1742 ”Where”,
215.256 246.904 27.8696 10.1742 ”How”,
245.405 246.904 12.9092 10.1742 etc.

101.416 263.220 4.5310 16.5011 •
110.506 262.928 31.3977 10.1742 Stanford
143.991 262.928 17.2213 10.1742 NLP
163.293 262.074 6.3816 7.1219 18
170.130 262.928 2.5344 10.1742 :
174.752 262.928 5.5703 10.1742 It
182.401 262.928 19.2452 10.1742 helps
203.734 262.928 29.3647 10.1742 perform
235.178 262.928 20.1204 10.1742 many
257.386 262.928 17.2213 10.1742 NLP

110.506 273.868 20.7586 10.1742 based
136.798 273.868 44.0608 10.1742 applications
186.393 273.868 13.5838 10.1742 like
205.510 273.868 31.3886 10.1742 sentence
242.433 273.868 32.1727 10.1742 splitting,

110.506 284.808 14.1764 10.1742 part
126.752 284.808 7.5942 10.1742 of
136.406 284.808 24.8064 10.1742 speech
163.282 284.808 29.6291 10.1742 tagging,
195.026 284.808 24.3050 10.1742 named
221.392 284.808 20.7677 10.1742 entity
244.229 284.808 30.3767 10.1742 recogni-

110.506 295.748 16.4647 10.1742 tion,
129.760 295.748 45.9479 10.1742 constituency
178.388 295.748 29.1186 10.1742 parsing,
210.297 295.748 43.4044 10.1742 dependency
256.381 295.748 18.2242 10.1742 pars-

110.506 306.688 13.9302 10.1742 ing,
127.618 306.688 17.7228 10.1742 open
148.349 306.688 43.0488 10.1742 information
194.397 306.688 38.5999 10.1742 extraction,
236.188 306.688 12.9092 10.1742 etc.
254.093 306.688 20.5125 10.1742 Thus,

110.506 317.627 19.2452 10.1742 helps
133.206 317.627 29.3647 10.1742 perform
166.017 317.627 13.5382 10.1742 text
183.011 317.627 56.4685 10.1742 summarization.
245.824 317.627 7.5942 10.1742 In
256.874 317.627 17.7319 10.1742 most

110.506 328.568 7.5942 10.1742 of
120.443 328.568 11.1405 10.1742 the
133.927 328.568 26.0736 10.1742 papers,
162.352 328.568 7.0928 10.1742 to
171.788 328.568 21.7614 10.1742 create
195.892 328.568 11.1405 10.1742 the
209.367 328.568 43.4044 10.1742 dependency
255.114 328.568 19.4914 10.1742 trees,

110.506 339.508 29.8753 10.1742 stanford
142.751 339.508 17.2213 10.1742 NLP
162.352 339.508 22.2720 10.1742 parser
186.995 339.508 12.1525 10.1742 has
201.527 339.508 17.2122 10.1742 been
221.109 339.508 18.9900 10.1742 used.
243.208 339.508 31.3977 10.1742 Stanford

110.506 350.448 34.9441 10.1742 CoreNLP
147.875 350.448 19.2452 10.1742 helps
169.536 350.448 29.3647 10.1742 perform
201.326 350.448 45.5468 10.1742 co-reference
249.289 350.448 25.3169 10.1742 resolu-

110.506 361.388 16.4647 10.1742 tion.

101.416 377.704 4.5310 16.5011 •
110.506 377.412 30.8963 10.1742 Lingsoft
144.880 376.558 6.3816 7.1219 19
151.718 377.412 2.5344 10.1742 :
159.476 377.412 5.5703 10.1742 It
168.529 377.412 6.0808 10.1742 is
178.083 377.412 4.0478 10.1742 a
185.613 377.412 53.1774 10.1742 morphological
242.264 377.412 13.1644 10.1742 and
258.911 377.412 15.6989 10.1742 syn-

110.506 388.352 19.7467 10.1742 tactic
133.425 388.352 30.8781 10.1742 analyzer
167.467 388.352 16.4647 10.1742 tool.
189.429 388.352 18.5980 10.1742 They
211.190 388.352 27.7146 10.1742 provide
242.077 388.352 16.2003 10.1742 base
261.441 388.352 13.1644 10.1742 and

110.506 399.292 45.5741 10.1742 grammatical
159.636 399.292 21.2691 10.1742 forms
184.460 399.292 7.5942 10.1742 of
195.610 399.292 24.4691 10.1742 words,
223.953 399.292 22.2811 10.1742 which
249.790 399.292 12.6539 10.1742 can
265.999 399.292 8.6061 10.1742 be

110.506 410.231 16.7108 10.1742 used
130.335 410.231 10.6300 10.1742 for
144.083 410.231 29.3738 10.1742 labeling
176.583 410.231 13.1644 10.1742 and
192.866 410.231 38.7822 10.1742 organizing
234.766 410.231 11.1405 10.1742 the
249.024 410.231 25.5813 10.1742 output.

110.506 421.172 34.7071 10.1742 (Moawad
149.771 421.172 7.0928 10.1742 &
161.422 421.172 18.9809 10.1742 Aref,
184.962 421.172 21.2691 10.1742 2012)
210.789 421.172 16.7108 10.1742 used
232.058 421.172 30.8963 10.1742 Lingsoft
267.513 421.172 7.0928 10.1742 to

110.506 432.112 46.0847 10.1742 syntactically
158.870 432.112 27.8422 10.1742 analyze
188.991 432.112 11.1405 10.1742 the
202.411 432.112 33.6678 10.1742 sentence.

101.416 448.427 4.5310 16.5011 •
110.506 448.135 30.0667 10.1742 SENNA
143.982 448.135 17.2213 10.1742 Role
164.613 448.135 32.9111 10.1742 Labeller:
202.602 448.135 22.7825 10.1742 (Khan
228.794 448.135 6.5822 10.1742 et
238.786 448.135 11.1405 10.1742 al.,
253.336 448.135 21.2691 10.1742 2018)

110.506 459.076 16.7108 10.1742 used
129.204 459.076 13.1736 10.1742 this
144.365 459.076 22.2720 10.1742 parser
168.625 459.076 7.0928 10.1742 to
177.696 459.076 36.4575 10.1742 determine
216.141 459.076 11.1405 10.1742 the
229.268 459.076 33.4125 10.1742 predicate
264.668 459.076 9.9371 10.1742 ar-

110.506 470.016 27.3499 10.1742 gument
141.657 470.016 31.8992 10.1742 structure
177.367 470.016 10.6300 10.1742 for
191.799 470.016 11.1405 10.1742 the
206.741 470.016 31.3886 10.1742 sentence
241.941 470.016 17.7228 10.1742 from
263.465 470.016 11.1405 10.1742 the

110.506 480.956 15.8174 10.1742 text.
132.714 480.956 22.7916 10.1742 Along
158.970 480.956 16.2094 10.1742 with
178.644 480.956 11.1405 10.1742 the
193.258 480.956 14.1764 10.1742 role
210.898 480.956 36.7219 10.1742 modeling,
251.385 480.956 5.0689 10.1742 it
259.919 480.956 14.6869 10.1742 also

110.506 491.896 19.2452 10.1742 helps
132.240 491.896 29.3647 10.1742 perform
164.094 491.896 14.1764 10.1742 part
180.759 491.896 7.5942 10.1742 of
190.842 491.896 24.8064 10.1742 speech
218.128 491.896 29.6291 10.1742 tagging,
250.301 491.896 24.3050 10.1742 named

110.506 502.836 20.7677 10.1742 entity
136.115 502.836 43.8055 10.1742 recognition,
185.408 502.836 33.9322 10.1742 chunking
224.191 502.836 13.1644 10.1742 and
242.196 502.836 32.4097 10.1742 syntactic

110.506 513.775 29.1186 10.1742 parsing.
142.396 513.775 5.5703 10.1742 It
150.100 513.775 25.3078 10.1742 creates
177.532 513.775 24.8064 10.1742 frames
204.471 513.775 10.6300 10.1742 for
217.225 513.775 16.7017 10.1742 each
236.051 513.775 16.0635 10.1742 verb
254.248 513.775 7.0928 10.1742 in
263.465 513.775 11.1405 10.1742 the

110.506 524.716 33.6678 10.1742 sentence.

101.416 541.031 4.5310 16.5011 •
110.506 540.739 32.4188 10.1742 LibSVM
147.193 539.886 6.3816 7.1219 20
158.298 540.739 6.0808 10.1742 is
168.646 540.739 4.0478 10.1742 a
176.969 540.739 31.2975 10.1742 software
212.533 540.739 10.6300 10.1742 for
227.430 540.739 27.3499 10.1742 support
259.055 540.739 15.5530 10.1742 vec-

110.506 551.679 10.1286 10.1742 tor
125.156 551.679 49.8863 10.1742 classiﬁcation.
184.579 551.679 5.5703 10.1742 It
194.671 551.679 19.2452 10.1742 helps
218.429 551.679 29.3647 10.1742 perform
252.315 551.679 22.2902 10.1742 multi-

110.506 562.620 17.7228 10.1742 class
132.477 562.620 49.8863 10.1742 classiﬁcation,
187.113 562.620 33.4216 10.1742 weighted
224.783 562.620 28.8724 10.1742 Support
257.904 562.620 16.7017 10.1742 Vec-

110.506 573.560 10.1286 10.1742 tor
124.071 573.560 35.4455 10.1742 Machines
162.954 573.560 10.6300 10.1742 for
177.021 573.560 41.5172 10.1742 unbalanced
221.966 573.560 17.4675 10.1742 data.
245.733 573.560 28.8724 10.1742 Support

110.506 584.500 23.7945 10.1742 Vector
136.835 584.500 61.2730 10.1742 Machines(SVM)
200.651 584.500 19.2452 10.1742 helps
222.431 584.500 14.1855 10.1742 ﬁnd
239.151 584.500 35.4546 10.1742 important

110.506 595.440 34.9350 10.1742 sentences
148.367 595.440 9.1166 10.1742 by
160.410 595.440 41.0158 10.1742 performing
204.353 595.440 13.5382 10.1742 text
220.817 595.440 53.7882 10.1742 categorization,

110.506 606.380 33.9322 10.1742 chunking
146.717 606.380 13.1644 10.1742 and
162.161 606.380 43.4044 10.1742 dependency
207.844 606.380 31.6530 10.1742 analysis.

101.416 622.695 4.5310 16.5011 •
110.506 622.404 25.8366 10.1742 Illinios
139.515 622.404 31.3066 10.1742 Chunker
174.000 621.551 6.3816 7.1219 21
184.012 622.404 6.0808 10.1742 is
193.266 622.404 4.0478 10.1742 a
200.495 622.404 31.2975 10.1742 software
234.965 622.404 14.1855 10.1742 tool
252.323 622.404 22.2811 10.1742 which

79.4190 646.707 5.4700 6.1045 17
85.3442 649.168 104.616 6.7901 https://propbank.github.io/

79.4190 655.612 5.4700 6.1045 18
85.3442 658.073 174.358 6.7901 https://stanfordnlp.github.io/CoreNLP/simple.

72.2164 666.734 15.4998 6.7901 html

79.4190 673.178 5.4700 6.1045 19
85.3442 675.639 112.366 6.7901 http://www.lingsoft.fi/en/499

79.4190 682.083 5.4700 6.1045 20
85.3442 684.545 108.491 6.7901 https://www.csie.ntu.edu.tw/
193.834 685.958 54.2425 6.7901 ~cjlin/libsvm/

79.4190 690.988 5.4700 6.1045 21
85.3442 693.449 178.233 6.7901 https://cogcomp.org/page/software_view/Chunker

334.776 132.420 34.4427 10.1742 partitions
373.203 132.420 11.1405 10.1742 the
388.318 132.420 13.5382 10.1742 text
405.841 132.420 14.1855 10.1742 into
424.001 132.420 46.0847 10.1742 semantically
474.070 132.420 24.8064 10.1742 related

334.776 143.360 24.4691 10.1742 words.
362.783 143.360 5.5703 10.1742 It
370.869 143.360 12.1525 10.1742 has
385.538 143.360 17.2122 10.1742 been
405.275 143.360 16.7108 10.1742 used
424.502 143.360 18.2242 10.1742 (Oya
445.243 143.360 6.5822 10.1742 et
454.341 143.360 11.1405 10.1742 al.,
467.998 143.360 21.2691 10.1742 2014)
491.783 143.360 7.0928 10.1742 to

334.776 154.300 28.3619 10.1742 identify
366.320 154.300 9.1166 10.1742 all
378.627 154.300 11.1405 10.1742 the
392.950 154.300 18.2333 10.1742 noun
414.374 154.300 27.3408 10.1742 phrases
444.896 154.300 20.2572 10.1742 along
468.344 154.300 16.2094 10.1742 with
487.736 154.300 11.1405 10.1742 the

334.776 165.240 14.1764 10.1742 part
351.369 165.240 7.5942 10.1742 of
361.370 165.240 24.8064 10.1742 speech
388.592 165.240 27.3499 10.1742 tagging
418.349 165.240 7.0928 10.1742 in
427.857 165.240 11.1405 10.1742 the
441.405 165.240 31.3886 10.1742 sentence
475.209 165.240 7.0928 10.1742 to
484.709 165.240 14.1673 10.1742 cre-

334.776 176.180 10.6300 10.1742 ate
347.686 176.180 31.3977 10.1742 template
381.362 176.180 20.7586 10.1742 based
404.400 176.180 41.7816 10.1742 summaries.

325.687 192.796 4.5310 16.5011 •
334.776 192.504 30.3767 10.1742 VerbNet
370.575 191.651 6.3816 7.1219 22
377.412 192.504 2.5344 10.1742 :
389.054 192.504 5.5703 10.1742 It
400.049 192.504 6.0808 10.1742 is
411.554 192.504 4.0478 10.1742 a
421.017 192.504 41.2620 10.1742 hierarchial,
468.487 192.504 30.3858 10.1742 domain-

334.776 203.444 46.8413 10.1742 independent,
384.854 203.444 22.7916 10.1742 online
410.700 203.444 26.3380 10.1742 english
440.083 203.444 16.0635 10.1742 verb
459.191 203.444 28.9818 10.1742 lexicon.
493.306 203.444 5.5703 10.1742 It

334.776 214.385 19.2452 10.1742 maps
357.377 214.385 19.6099 10.1742 verbs
380.332 214.385 7.0928 10.1742 to
390.780 214.385 18.7347 10.1742 other
412.870 214.385 30.2490 10.1742 lexicons
446.464 214.385 13.5838 10.1742 like
463.403 214.385 35.4729 10.1742 WordNet.

334.776 225.324 20.7677 10.1742 Roles
360.677 225.324 11.1314 10.1742 are
376.941 225.324 14.6869 10.1742 also
396.770 225.324 37.4694 10.1742 associated
439.372 225.324 16.2094 10.1742 with
460.714 225.324 11.1405 10.1742 the
476.987 225.324 21.8891 10.1742 verbs.

334.776 236.264 5.5703 10.1742 It
344.732 236.264 31.2610 10.1742 provides
380.387 236.264 32.4097 10.1742 syntactic
417.182 236.264 40.5144 10.1742 description
462.090 236.264 7.5942 10.1742 of
474.070 236.264 24.8064 10.1742 frames

334.776 247.204 13.1644 10.1742 and
350.922 247.204 32.4097 10.1742 semantic
386.322 247.204 36.9589 10.1742 predicates
426.262 247.204 10.6300 10.1742 for
439.873 247.204 11.1405 10.1742 the
454.004 247.204 19.6099 10.1742 verbs
476.595 247.204 22.2811 10.1742 which

334.776 258.144 19.2452 10.1742 helps
356.748 258.144 7.0928 10.1742 in
366.566 258.144 36.9680 10.1742 restricting
406.260 258.144 11.1405 10.1742 the
420.126 258.144 31.3977 10.1742 thematic
454.259 258.144 20.0019 10.1742 roles.
478.427 258.144 5.5703 10.1742 It
486.724 258.144 12.1525 10.1742 has

334.776 269.084 17.2122 10.1742 been
354.888 269.084 16.7108 10.1742 used
374.498 269.084 24.8155 10.1742 widely
402.212 269.084 10.6300 10.1742 for
415.750 269.084 11.1405 10.1742 the
429.790 269.084 29.3647 10.1742 creation
462.054 269.084 7.5942 10.1742 of
472.547 269.084 26.3289 10.1742 seman-

334.776 280.025 9.1166 10.1742 tic
346.756 280.025 26.5841 10.1742 graphs,
376.348 280.025 40.0039 10.1742 calculation
419.215 280.025 7.5942 10.1742 of
429.672 280.025 31.3886 10.1742 sentence
463.923 280.025 34.9532 10.1742 similarity

334.776 290.965 13.1644 10.1742 and
350.293 290.965 40.5600 10.1742 token-level
393.205 290.965 56.2224 10.1742 disambiguation
451.770 290.965 10.6300 10.1742 for
464.752 290.965 13.5382 10.1742 text
480.643 290.965 18.2333 10.1742 sum-

334.776 301.904 41.2711 10.1742 marization.

325.687 318.520 4.5310 16.5011 •
334.776 318.229 35.9561 10.1742 PractNLP
372.674 317.375 6.3816 7.1219 23
379.511 318.229 2.5344 10.1742 :
383.988 318.229 18.5980 10.1742 They
404.527 318.229 11.1314 10.1742 are
417.601 318.229 25.2349 10.1742 python
444.777 318.229 29.8753 10.1742 libraries
476.595 318.229 22.2811 10.1742 which

334.776 329.168 11.1314 10.1742 are
349.336 329.168 18.5615 10.1742 build
371.325 329.168 15.9268 10.1742 over
390.680 329.168 30.0667 10.1742 SENNA
424.174 329.168 13.1644 10.1742 and
440.767 329.168 29.8753 10.1742 stanford
474.070 329.168 24.8064 10.1742 depen-

334.776 340.108 21.6338 10.1742 dency
361.096 340.108 34.0416 10.1742 extractor.
405.193 340.108 5.5703 10.1742 It
415.450 340.108 12.1525 10.1742 has
432.288 340.108 17.2122 10.1742 been
454.195 340.108 16.7108 10.1742 used
475.592 340.108 7.0928 10.1742 to
487.371 340.108 11.5052 10.1742 ex-

334.776 351.048 16.2003 10.1742 tract
355.079 351.048 11.1405 10.1742 the
370.331 351.048 70.7178 10.1742 predicate-argument
445.152 351.048 31.8992 10.1742 structure
481.153 351.048 17.7228 10.1742 from

334.776 361.989 11.1405 10.1742 the
348.196 361.989 48.9838 10.1742 text(Alshaina
399.459 361.989 6.5822 10.1742 et
408.320 361.989 11.1405 10.1742 al.,
421.740 361.989 23.5483 10.1742 2017).

325.687 378.604 4.5310 16.5011 •
334.776 378.312 23.4663 10.1742 NLTK
361.661 378.312 28.1431 10.1742 ToolKit
393.223 377.459 6.3816 7.1219 24
400.061 378.312 2.5344 10.1742 :
407.700 378.312 23.4663 10.1742 NLTK
434.585 378.312 19.2452 10.1742 helps
457.249 378.312 27.0673 10.1742 remove
487.735 378.312 11.1405 10.1742 the

334.776 389.253 15.1975 10.1742 stop
353.438 389.253 24.4691 10.1742 words,
381.672 389.253 32.9111 10.1742 fragment
418.048 389.253 11.1405 10.1742 the
432.653 389.253 33.6678 10.1742 sentence,
470.086 389.253 14.1855 10.1742 ﬁnd
487.736 389.253 11.1405 10.1742 the

334.776 400.193 36.3116 10.1742 frequency
374.033 400.193 7.5942 10.1742 of
384.572 400.193 16.7017 10.1742 each
404.209 400.193 20.9227 10.1742 word.
429.954 400.193 25.0617 10.1742 (Katja,
457.951 400.193 21.2691 10.1742 2010)
482.165 400.193 16.7108 10.1742 used

334.776 411.133 11.1405 10.1742 the
348.834 411.133 23.4663 10.1742 NLTK
375.218 411.133 26.1192 10.1742 Toolkit
404.264 411.133 7.0928 10.1742 to
414.274 411.133 17.7228 10.1742 label
434.914 411.133 11.1405 10.1742 the
448.981 411.133 25.8275 10.1742 chunks
477.725 411.133 7.0928 10.1742 in
487.736 411.133 11.1405 10.1742 the

334.776 422.073 37.2142 10.1742 sentences.

325.687 438.689 4.5310 16.5011 •
334.776 438.397 31.3977 10.1742 Stanford
369.894 438.397 37.9800 10.1742 Core-NLP
411.593 438.397 26.1192 10.1742 Toolkit
441.428 437.544 6.3816 7.1219 25
448.266 438.397 2.5344 10.1742 :
456.507 438.397 5.5703 10.1742 It
465.797 438.397 12.1525 10.1742 has
481.660 438.397 17.2213 10.1742 been

334.776 449.337 24.8155 10.1742 widely
362.646 449.337 16.7108 10.1742 used
382.402 449.337 7.0928 10.1742 to
392.549 449.337 29.3647 10.1742 perform
424.958 449.337 45.5468 10.1742 co-reference
473.559 449.337 25.3169 10.1742 resolu-

334.776 460.277 14.1855 10.1742 tion
351.241 460.277 25.0617 10.1742 (Katja,
378.582 460.277 23.5483 10.1742 2010).

325.687 476.893 4.5310 16.5011 •
334.776 476.601 23.7671 10.1742 JAMR
361.096 476.601 25.1802 10.1742 Parser:
389.659 476.601 18.5980 10.1742 They
410.818 476.601 11.1314 10.1742 are
424.502 476.601 16.7108 10.1742 used
443.766 476.601 10.6300 10.1742 for
456.958 476.601 20.7677 10.1742 AMR
480.278 476.601 18.5980 10.1742 Pars-

334.776 487.541 13.9302 10.1742 ing.
354.058 487.541 22.7916 10.1742 Along
379.968 487.541 16.2094 10.1742 with
399.304 487.541 11.1405 10.1742 the
413.562 487.541 36.9680 10.1742 prediction
453.648 487.541 7.5942 10.1742 of
464.370 487.541 20.7586 10.1742 graph
488.246 487.541 10.6300 10.1742 for

334.776 498.482 16.7017 10.1742 each
353.985 498.482 33.6678 10.1742 sentence,
390.224 498.482 5.0689 10.1742 it
397.800 498.482 14.6869 10.1742 also
414.994 498.482 31.2610 10.1742 provides
448.762 498.482 11.1405 10.1742 the
462.409 498.482 36.4666 10.1742 alignment

334.776 509.421 30.3767 10.1742 between
367.852 509.421 11.1405 10.1742 the
381.682 509.421 16.7108 10.1742 span
401.091 509.421 7.5942 10.1742 of
411.384 509.421 22.1899 10.1742 words
436.272 509.421 13.1644 10.1742 and
452.126 509.421 36.4575 10.1742 fragments
491.282 509.421 7.5942 10.1742 of

334.776 520.361 33.9230 10.1742 predicted
370.787 520.361 23.0378 10.1742 graph,
395.949 520.361 22.2811 10.1742 which
420.327 520.361 15.6989 10.1742 then
438.114 520.361 19.2452 10.1742 helps
459.447 520.361 23.8036 10.1742 during
485.338 520.361 13.5382 10.1742 text

334.776 531.301 38.4814 10.1742 generation
375.537 531.301 20.7586 10.1742 phase
398.575 531.301 15.6989 10.1742 (Liu
416.553 531.301 6.5822 10.1742 et
425.414 531.301 11.1405 10.1742 al.,
438.834 531.301 23.5483 10.1742 2015).

303.324 545.717 6.8375 10.1742 2.
314.720 545.717 55.7118 10.1742 Summarization
372.711 545.717 20.0384 10.1742 Tools

325.687 560.423 4.5310 16.5011 •
334.776 560.131 26.8394 10.1742 SIGHT
366.201 560.131 26.3289 10.1742 (Demir
397.107 560.131 6.5822 10.1742 et
408.275 560.131 11.1405 10.1742 al.,
424.001 560.131 23.8036 10.1742 2010):
455.244 560.131 5.5703 10.1742 It
465.391 560.131 6.0808 10.1742 is
476.057 560.131 4.0478 10.1742 a
484.691 560.131 14.1855 10.1742 tool

334.776 571.071 7.0928 10.1742 to
344.130 571.071 30.8781 10.1742 generate
377.269 571.071 24.6788 10.1742 textual
404.209 571.071 39.5024 10.1742 summaries
445.972 571.071 7.5942 10.1742 of
455.827 571.071 43.0488 10.1742 information

334.776 582.012 33.1664 10.1742 graphics.
371.909 582.012 5.5703 10.1742 It
380.132 582.012 29.2371 10.1742 conveys
412.031 582.012 11.1405 10.1742 the
425.824 582.012 39.5024 10.1742 underlying
467.989 582.012 30.8872 10.1742 message

334.776 592.952 20.2572 10.1742 along
357.203 592.952 16.2094 10.1742 with
375.583 592.952 11.1405 10.1742 the
388.893 592.952 36.4757 10.1742 highlights
427.547 592.952 9.1166 10.1742 by
438.834 592.952 19.7558 10.1742 using
460.759 592.952 21.7797 10.1742 visual
484.709 592.952 14.1673 10.1742 fea-

334.776 603.891 20.0019 10.1742 tures.
358.881 603.891 11.6511 10.1742 It’s
373.240 603.891 21.7797 10.1742 visual
397.727 603.891 36.3207 10.1742 extraction
436.755 603.891 27.3499 10.1742 module
466.804 603.891 12.1525 10.1742 has
481.664 603.891 17.2122 10.1742 been

334.776 614.831 16.7108 10.1742 used
353.320 614.831 49.5125 10.1742 (Greenbacker
404.656 614.831 6.5822 10.1742 et
413.070 614.831 11.1405 10.1742 al.,
426.043 614.831 21.2691 10.1742 2011)
449.145 614.831 7.0928 10.1742 to
458.061 614.831 27.8422 10.1742 analyze
487.736 614.831 11.1405 10.1742 the

334.776 625.771 22.2811 10.1742 image
360.102 625.771 13.1644 10.1742 and
376.303 625.771 32.4188 10.1742 intention
411.767 625.771 41.5263 10.1742 recognition
456.329 625.771 27.3499 10.1742 module
486.724 625.771 12.1525 10.1742 has

303.688 655.538 5.4700 6.1045 22
309.614 657.999 135.616 6.7901 https://verbs.colorado.edu/verbnet/

303.688 664.443 5.4700 6.1045 23
309.614 666.905 182.108 6.7901 https://pntl.readthedocs.io/en/latest/_modules/

296.486 675.566 58.1170 6.7901 pntl/tools.html

303.688 682.009 5.4700 6.1045 24
309.614 684.471 81.3667 6.7901 https://www.nltk.org/

303.688 690.988 5.4700 6.1045 25
309.614 693.449 147.233 6.7901 https://stanfordnlp.github.io/CoreNLP/

280.988 706.771 9.1166 10.1742 16

210.051 21.8897 72.3402 12.7684 ACCEPTED
285.891 21.8897 90.2327 12.7684 MANUSCRIPT

54.9470 623.773 45.6014 26.4027 A
79.5679 599.382 45.6014 24.3914 C
102.313 574.991 45.6014 24.3914 C
125.058 552.647 45.6014 22.3435 E
145.894 532.315 45.6014 20.3323 P
164.854 509.971 45.6014 22.3435 T
185.689 487.628 45.6014 22.3435 E
206.525 461.225 45.6014 26.4027 D

239.671 419.573 45.6014 32.5097 M

269.987 393.171 45.6014 26.4027 A
294.608 366.768 45.6014 26.4027 N
319.229 340.365 45.6014 26.4027 U
343.850 320.033 45.6014 20.3323 S
362.810 295.642 45.6014 24.3914 C
385.555 271.250 45.6014 24.3914 R
408.300 259.073 45.6014 12.1774 I
419.656 238.741 45.6014 20.3323 P
438.616 216.397 45.6014 22.3435 T

110.506 132.420 17.2122 10.1742 been
130.061 132.420 16.7108 10.1742 used
149.115 132.420 7.0928 10.1742 to
158.551 132.420 28.3619 10.1742 identify
189.256 132.420 11.1405 10.1742 the
202.739 132.420 55.8486 10.1742 communicative
260.931 132.420 13.6750 10.1742 sig-

110.506 143.360 14.6869 10.1742 nals
127.436 143.360 26.3289 10.1742 present
156.007 143.360 7.0928 10.1742 in
165.333 143.360 11.1405 10.1742 the
178.717 143.360 33.1664 10.1742 graphics.
214.700 143.360 5.5703 10.1742 It
222.504 143.360 6.0808 10.1742 is
230.827 143.360 24.8246 10.1742 mostly
257.895 143.360 16.7108 10.1742 used

110.506 154.300 10.6300 10.1742 for
123.415 154.300 42.0460 10.1742 multimodal
167.740 154.300 35.9561 10.1742 document
205.975 154.300 56.4685 10.1742 summarization.

101.416 170.208 4.5310 16.5011 •
110.506 169.916 46.0938 10.1742 SUMMONS
163.000 169.916 29.8661 10.1742 (Dohare
199.266 169.916 7.0928 10.1742 &
212.758 169.916 31.6439 10.1742 Karnick,
250.802 169.916 23.8036 10.1742 2018):

110.506 180.856 16.4920 10.1742 Tool
132.924 180.856 22.2811 10.1742 which
161.131 180.856 25.3078 10.1742 creates
192.364 180.856 31.3977 10.1742 template
229.688 180.856 20.7586 10.1742 based
256.372 180.856 18.2333 10.1742 sum-

110.506 191.796 26.5841 10.1742 maries.
141.594 191.796 5.5703 10.1742 It
149.999 191.796 6.0808 10.1742 is
158.924 191.796 13.1644 10.1742 one
174.924 191.796 7.5942 10.1742 of
185.354 191.796 11.1405 10.1742 the
199.339 191.796 14.1855 10.1742 ﬁrst
216.359 191.796 58.2463 10.1742 multi-document

110.506 202.735 54.1894 10.1742 summarization
169.518 202.735 27.6052 10.1742 system.
207.571 202.735 5.5703 10.1742 It
217.964 202.735 12.1525 10.1742 has
234.930 202.735 13.5838 10.1742 two
253.336 202.735 21.2691 10.1742 major

110.506 213.675 44.0608 10.1742 components
157.511 213.675 25.3261 10.1742 mainly
185.773 213.675 26.8394 10.1742 content
215.557 213.675 27.3408 10.1742 planner
245.833 213.675 13.1644 10.1742 and
261.943 213.675 12.6630 10.1742 lin-

110.506 224.615 24.3141 10.1742 guistic
139.871 224.615 36.2022 10.1742 generator.
187.213 224.615 28.8724 10.1742 Content
221.136 224.615 27.3408 10.1742 planner
253.528 224.615 21.0777 10.1742 deter-

110.506 235.556 21.7797 10.1742 mines
136.762 235.556 11.1405 10.1742 the
152.379 235.556 35.4546 10.1742 important
192.310 235.556 43.0488 10.1742 information
239.826 235.556 7.0928 10.1742 to
251.395 235.556 8.6061 10.1742 be
264.477 235.556 10.1286 10.1742 in-

110.506 246.496 24.3050 10.1742 cluded
139.542 246.496 7.0928 10.1742 to
151.358 246.496 11.1405 10.1742 the
167.230 246.496 33.9322 10.1742 summary
205.893 246.496 9.1166 10.1742 by
219.732 246.496 39.0010 10.1742 combining
263.465 246.496 11.1405 10.1742 the

110.506 257.436 18.7438 10.1742 input
132.295 257.436 34.9441 10.1742 templates
170.284 257.436 29.8661 10.1742 whereas
203.195 257.436 33.9413 10.1742 linguistic
240.181 257.436 34.4245 10.1742 generator

110.506 268.376 24.3050 10.1742 selects
138.312 268.376 11.1405 10.1742 the
152.944 268.376 17.2213 10.1742 right
173.666 268.376 22.1899 10.1742 words
199.357 268.376 7.0928 10.1742 to
209.941 268.376 8.6061 10.1742 be
222.048 268.376 16.7108 10.1742 used
242.251 268.376 7.0928 10.1742 to
252.844 268.376 21.7614 10.1742 create

110.506 279.315 4.0478 10.1742 a
118.410 279.315 31.3886 10.1742 coherent
153.655 279.315 13.1644 10.1742 and
170.685 279.315 52.6669 10.1742 grammatically
227.208 279.315 25.3078 10.1742 correct
256.372 279.315 18.2333 10.1742 sum-

110.506 290.256 20.4213 10.1742 mary.
135.203 290.256 13.1736 10.1742 But
151.148 290.256 11.1405 10.1742 the
165.051 290.256 41.0067 10.1742 hard-coded
208.820 290.256 34.9441 10.1742 templates
246.526 290.256 13.1644 10.1742 and
262.453 290.256 12.1525 10.1742 do-

110.506 301.196 18.2333 10.1742 main
132.030 301.196 37.4785 10.1742 speciﬁcity
172.800 301.196 20.7768 10.1742 limits
196.868 301.196 8.6152 10.1742 its
208.774 301.196 20.7586 10.1742 usage
232.824 301.196 31.3977 10.1742 Bhartiya
267.513 301.196 7.0928 10.1742 &

110.506 312.136 23.5574 10.1742 Singh.

101.416 328.043 4.5310 16.5011 •
110.506 327.751 54.1985 10.1742 SUMMARIST
169.408 326.898 6.3816 7.1219 26
176.246 327.751 2.5344 10.1742 :
183.484 327.751 5.5703 10.1742 It
193.759 327.751 6.0808 10.1742 is
204.553 327.751 4.0478 10.1742 a
213.305 327.751 23.7580 10.1742 hybrid
241.767 327.751 7.5942 10.1742 of
254.065 327.751 20.5398 10.1742 Topic

110.506 338.692 50.8982 10.1742 Identiﬁcation,
169.928 338.692 49.6219 10.1742 Interpretation
226.825 338.692 13.1644 10.1742 and
247.265 338.692 27.3408 10.1742 Natural

110.506 349.632 35.9469 10.1742 Language
149.306 349.632 42.7844 10.1742 Generation.
196.658 349.632 14.1764 10.1742 The
213.688 349.632 25.3261 10.1742 system
241.877 349.632 15.6989 10.1742 uses
260.429 349.632 14.1764 10.1742 dic-

110.506 360.572 25.8275 10.1742 tionary
139.205 360.572 13.1644 10.1742 and
155.241 360.572 4.0478 10.1742 a
162.161 360.572 34.4336 10.1742 thesaurus
199.466 360.572 33.9413 10.1742 SENSUS
236.279 360.572 7.0928 10.1742 to
246.244 360.572 28.3619 10.1742 identify

110.506 371.511 11.1405 10.1742 the
123.725 371.511 21.7797 10.1742 topics
147.592 371.511 13.1644 10.1742 and
162.835 371.511 37.4603 10.1742 generalize
202.374 371.511 20.5125 10.1742 them.
225.649 371.511 24.0862 10.1742 Topics
251.814 371.511 22.7916 10.1742 fusion

110.506 382.451 6.0808 10.1742 is
119.039 382.451 37.9708 10.1742 performed
159.462 382.451 10.6300 10.1742 for
172.554 382.451 49.1205 10.1742 interpretation
224.127 382.451 13.1644 10.1742 and
239.744 382.451 15.6989 10.1742 then
257.895 382.451 16.7108 10.1742 used

110.506 393.392 23.7945 10.1742 phrase
137.345 393.392 31.3977 10.1742 template
171.788 393.392 34.4245 10.1742 generator
209.267 393.392 7.0928 10.1742 to
219.404 393.392 21.7614 10.1742 create
244.211 393.392 11.1405 10.1742 the
258.396 393.392 16.2094 10.1742 ﬁnal

110.506 404.332 28.3528 10.1742 abstract
141.138 404.332 41.7816 10.1742 summaries.

101.416 420.239 4.5310 16.5011 •
110.506 419.947 62.2941 10.1742 COMPENDIUM
177.158 419.947 25.3169 10.1742 (Lloret
206.832 419.947 6.5822 10.1742 et
217.782 419.947 11.1405 10.1742 al.,
233.280 419.947 21.2691 10.1742 2013)
258.907 419.947 15.6989 10.1742 uses

110.506 430.887 16.2094 10.1742 both
128.721 430.887 11.1405 10.1742 the
141.867 430.887 35.4455 10.1742 extractive
179.309 430.887 13.1644 10.1742 and
194.479 430.887 39.1287 10.1742 abstractive
235.614 430.887 38.9919 10.1742 techniques

110.506 441.828 7.0928 10.1742 to
120.106 441.828 21.7614 10.1742 create
144.383 441.828 11.1405 10.1742 the
158.031 441.828 16.2094 10.1742 ﬁnal
176.757 441.828 35.6187 10.1742 summary.
215.894 441.828 14.1764 10.1742 The
232.587 441.828 25.3261 10.1742 system
260.420 441.828 14.1855 10.1742 ﬁrst

110.506 452.767 33.4308 10.1742 identiﬁes
147.902 452.767 11.1405 10.1742 the
163.009 452.767 28.9089 10.1742 relevant
195.883 452.767 34.9350 10.1742 sentences
234.775 452.767 9.1166 10.1742 on
247.857 452.767 11.1405 10.1742 the
262.964 452.767 11.6420 10.1742 ba-

110.506 463.707 9.6272 10.1742 sis
122.649 463.707 7.5942 10.1742 of
132.769 463.707 26.2286 10.1742 surface
161.514 463.707 33.9413 10.1742 linguistic
197.980 463.707 31.6530 10.1742 analysis,
232.213 463.707 42.3924 10.1742 redundancy

110.506 474.647 33.4216 10.1742 detection
147.884 474.647 9.1166 10.1742 by
160.957 474.647 19.7558 10.1742 using
184.661 474.647 27.0764 10.1742 Textual
215.694 474.647 38.4905 10.1742 entailment
258.141 474.647 16.4647 10.1742 tool,

110.506 485.587 18.2333 10.1742 topic
131.192 485.587 48.1177 10.1742 identiﬁcation
181.753 485.587 9.1166 10.1742 by
193.322 485.587 19.7558 10.1742 using
215.530 485.587 28.3619 10.1742 TF-IDF
246.335 485.587 13.1644 10.1742 and
261.952 485.587 12.6539 10.1742 rel-

110.506 496.528 24.8520 10.1742 evance
138.293 496.528 33.4216 10.1742 detection
174.651 496.528 9.1166 10.1742 by
186.694 496.528 17.2122 10.1742 code
206.842 496.528 29.8844 10.1742 quantity
239.661 496.528 34.9441 10.1742 principle;

110.506 507.468 15.6989 10.1742 then
128.639 507.468 11.1405 10.1742 the
142.214 507.468 43.0488 10.1742 information
187.697 507.468 46.0847 10.1742 compression
236.215 507.468 13.1644 10.1742 and
251.814 507.468 22.7916 10.1742 fusion

110.506 518.408 6.0808 10.1742 is
118.848 518.408 37.9708 10.1742 performed
159.079 518.408 7.0928 10.1742 to
168.442 518.408 30.8781 10.1742 generate
201.581 518.408 11.1405 10.1742 the
214.983 518.408 39.1287 10.1742 abstractive
256.372 518.408 18.2333 10.1742 sum-

110.506 529.347 26.5841 10.1742 maries.
143.134 529.347 18.5980 10.1742 They
165.087 529.347 31.3977 10.1742 obtained
199.831 529.347 11.1405 10.1742 the
214.326 529.347 18.6435 10.1742 word
236.316 529.347 24.3050 10.1742 graphs
263.976 529.347 10.6300 10.1742 for

110.506 540.287 11.1405 10.1742 the
124.947 540.287 37.2142 10.1742 sentences,
165.707 540.287 25.8275 10.1742 ﬁltered
194.835 540.287 11.1405 10.1742 the
209.276 540.287 32.4006 10.1742 incorrect
244.967 540.287 19.2452 10.1742 paths
267.513 540.287 7.0928 10.1742 in

110.506 551.227 11.1405 10.1742 the
125.284 551.227 18.6435 10.1742 word
147.565 551.227 24.3050 10.1742 graphs
175.508 551.227 13.1644 10.1742 and
192.300 551.227 15.6989 10.1742 then
211.637 551.227 26.3198 10.1742 created
241.594 551.227 11.1405 10.1742 the
256.372 551.227 18.2333 10.1742 sum-

110.506 562.168 26.5841 10.1742 maries.

101.416 578.075 4.5310 16.5011 •
110.506 577.783 41.5355 10.1742 MultiGEN:
154.538 576.930 6.3816 7.1219 27
163.872 577.783 6.0808 10.1742 is
172.451 577.783 4.0478 10.1742 a
178.996 577.783 14.1855 10.1742 tool
195.680 577.783 10.6300 10.1742 for
208.799 577.783 41.0158 10.1742 performing
252.313 577.783 22.2902 10.1742 multi-

110.506 588.723 35.9561 10.1742 document
149.297 588.723 54.1894 10.1742 summarization
206.331 588.723 20.7586 10.1742 based
229.925 588.723 9.1166 10.1742 on
241.886 588.723 11.1405 10.1742 the
255.862 588.723 18.7438 10.1742 simi-

110.506 599.663 24.8155 10.1742 larities
138.768 599.663 13.1644 10.1742 and
155.378 599.663 51.1626 10.1742 dissimilarities
209.996 599.663 30.3767 10.1742 between
243.819 599.663 11.1405 10.1742 the
258.405 599.663 16.2003 10.1742 doc-

110.506 610.604 28.6172 10.1742 uments.
146.580 610.604 18.5980 10.1742 They
168.998 610.604 18.6435 10.1742 work
191.471 610.604 9.1166 10.1742 on
204.407 610.604 11.1405 10.1742 the
219.368 610.604 24.8064 10.1742 central
248.003 610.604 15.1883 10.1742 idea
267.011 610.604 7.5942 10.1742 of

110.506 621.543 22.2811 10.1742 theme
135.850 621.543 36.3207 10.1742 extraction
175.234 621.543 7.0928 10.1742 to
185.399 621.543 28.3619 10.1742 identify
216.824 621.543 11.1405 10.1742 the
231.028 621.543 25.3261 10.1742 similar
259.417 621.543 15.1883 10.1742 sen-

110.506 632.483 22.7825 10.1742 tences
135.176 632.483 13.1644 10.1742 and
150.227 632.483 50.1325 10.1742 reformulation
202.247 632.483 9.1166 10.1742 on
213.241 632.483 11.1405 10.1742 the
226.269 632.483 18.2333 10.1742 basis
246.390 632.483 7.5942 10.1742 of
255.871 632.483 18.7347 10.1742 com-

110.506 643.423 16.2094 10.1742 mon
128.994 643.423 25.8275 10.1742 themes
157.101 643.423 7.0928 10.1742 to
166.473 643.423 30.8781 10.1742 generate
199.630 643.423 11.1405 10.1742 the
213.050 643.423 35.6187 10.1742 summary.

79.4190 664.762 5.4700 6.1045 26
85.3442 667.223 178.692 6.7901 https://www.isi.edu/natural-language/projects/

72.2164 675.883 54.2420 6.7901 SUMMARIST.html

79.4190 682.328 5.4700 6.1045 27
85.3442 684.789 162.733 6.7901 http://www.cs.columbia.edu/diglib/sumDemo/

72.2164 693.449 69.7418 6.7901 multiGen/main.html

325.687 132.712 4.5310 16.5011 •
334.776 132.420 26.8485 10.1742 System
365.345 132.420 17.2213 10.1742 SEA
386.285 132.420 34.4336 10.1742 (Carenini
424.439 132.420 6.5822 10.1742 et
434.750 132.420 11.1405 10.1742 al.,
449.610 132.420 23.8036 10.1742 2006):
479.120 132.420 19.7558 10.1742 Sum-

334.776 143.360 27.8422 10.1742 marizer
364.980 143.360 7.5942 10.1742 of
374.944 143.360 38.3993 10.1742 Evaluative
415.705 143.360 42.6294 10.1742 Arguments,
460.723 143.360 6.0808 10.1742 is
469.174 143.360 16.7108 10.1742 used
488.246 143.360 10.6300 10.1742 for

334.776 154.300 38.4814 10.1742 generating
376.403 154.300 11.1405 10.1742 the
390.689 154.300 36.6489 10.1742 evaluative
430.483 154.300 40.0950 10.1742 arguments.
475.993 154.300 5.5703 10.1742 It
484.709 154.300 14.1673 10.1742 cre-

334.776 165.240 14.1764 10.1742 ates
351.159 165.240 11.1405 10.1742 the
364.506 165.240 39.1287 10.1742 abstractive
405.841 165.240 39.5024 10.1742 summaries
447.549 165.240 9.1166 10.1742 by
458.872 165.240 40.0039 10.1742 calculating

334.776 176.180 11.1405 10.1742 the
348.524 176.180 42.8574 10.1742 aggregation
393.980 176.180 7.5942 10.1742 of
404.181 176.180 33.2758 10.1742 extracted
440.055 176.180 43.0488 10.1742 information
485.712 176.180 13.1644 10.1742 and

334.776 187.120 15.6989 10.1742 then
353.010 187.120 31.9083 10.1742 applying
387.462 187.120 25.3169 10.1742 natural
415.313 187.120 32.9111 10.1742 language
450.768 187.120 38.4814 10.1742 generation
491.783 187.120 7.0928 10.1742 to

334.776 198.060 7.3480 10.1742 it.

325.687 215.205 4.5310 16.5011 •
334.776 214.913 32.6011 10.1742 NAMAS
370.770 214.061 6.3816 7.1219 28
377.608 214.913 2.5344 10.1742 :
383.534 214.913 5.5703 10.1742 It
392.505 214.913 6.0808 10.1742 is
401.977 214.913 4.0478 10.1742 a
409.416 214.913 22.7825 10.1742 neural
435.599 214.913 39.1287 10.1742 abstractive
478.119 214.913 20.7586 10.1742 based

334.776 225.854 13.5382 10.1742 text
354.523 225.854 54.1894 10.1742 summarization
414.921 225.854 25.3261 10.1742 system
446.446 225.854 37.1048 10.1742 developed
489.759 225.854 9.1166 10.1742 by

334.776 236.794 37.5879 10.1742 Facebook,
375.719 236.794 22.2811 10.1742 which
401.136 236.794 15.6989 10.1742 uses
419.971 236.794 36.1840 10.1742 Gigaword
459.292 236.794 28.6172 10.1742 Corpus.
493.306 236.794 5.5703 10.1742 It

334.776 247.734 20.2572 10.1742 trains
357.340 247.734 11.1405 10.1742 the
370.796 247.734 25.3261 10.1742 system
398.429 247.734 13.1644 10.1742 and
413.909 247.734 15.6989 10.1742 then
431.914 247.734 33.4672 10.1742 evaluates
467.697 247.734 9.1166 10.1742 by
479.120 247.734 19.7558 10.1742 using

334.776 258.674 31.0331 10.1742 ROUGE
368.089 258.674 21.5153 10.1742 score.

325.687 275.820 4.5310 16.5011 •
334.776 275.528 49.6310 10.1742 GISTEXTER
387.270 275.528 41.0067 10.1742 (Harabagiu
431.139 275.528 6.5822 10.1742 et
440.584 275.528 11.1405 10.1742 al.,
454.587 275.528 23.8036 10.1742 2001):
482.384 275.528 16.4920 10.1742 Tool

334.776 286.468 22.2811 10.1742 which
362.938 286.468 25.3078 10.1742 creates
394.126 286.468 16.2094 10.1742 both
416.215 286.468 21.7797 10.1742 single
443.875 286.468 35.9561 10.1742 document
485.712 286.468 13.1644 10.1742 and

334.776 297.408 58.2463 10.1742 multi-document
395.183 297.408 39.1287 10.1742 abstractive
436.464 297.408 41.7816 10.1742 summaries.
481.035 297.408 5.5703 10.1742 It
488.757 297.408 10.1195 10.1742 re-

334.776 308.347 22.2811 10.1742 quires
360.832 308.347 27.3499 10.1742 domain
391.965 308.347 42.0551 10.1742 knowledge.
441.332 308.347 5.5703 10.1742 It
450.685 308.347 25.3078 10.1742 creates
479.768 308.347 19.1085 10.1742 Tem-

334.776 319.287 17.7228 10.1742 plate
356.520 319.287 20.7586 10.1742 based
381.299 319.287 39.5024 10.1742 summaries
424.822 319.287 9.1166 10.1742 by
437.959 319.287 36.3207 10.1742 extracting
478.300 319.287 20.5763 10.1742 infor-

334.776 330.228 25.3261 10.1742 mation
362.090 330.228 19.7558 10.1742 using
383.833 330.228 18.2333 10.1742 topic
404.054 330.228 25.0708 10.1742 model,
431.167 330.228 35.3452 10.1742 CICERO.
468.499 330.228 30.3767 10.1742 Because

334.776 341.168 7.5942 10.1742 of
345.042 341.168 26.8394 10.1742 manual
374.552 341.168 36.3207 10.1742 extraction
413.544 341.168 13.1644 10.1742 and
429.380 341.168 33.9413 10.1742 linguistic
465.983 341.168 20.0019 10.1742 rules,
488.757 341.168 10.1195 10.1742 re-

334.776 352.108 18.7347 10.1742 quire
356.565 352.108 18.7347 10.1742 more
378.363 352.108 16.2094 10.1742 time
397.627 352.108 13.1644 10.1742 and
413.854 352.108 19.6440 10.1742 eﬀort
436.552 352.108 7.0928 10.1742 to
446.708 352.108 30.8781 10.1742 generate
480.640 352.108 18.2333 10.1742 sum-

334.776 363.048 26.5841 10.1742 maries.
367.842 363.048 5.5703 10.1742 It
376.904 363.048 14.6869 10.1742 also
395.092 363.048 15.6989 10.1742 uses
414.283 363.048 43.0306 10.1742 cue-phrases
460.814 363.048 7.0928 10.1742 to
471.399 363.048 27.4776 10.1742 achieve

334.776 373.988 11.1405 10.1742 the
348.196 373.988 32.4097 10.1742 cohesion
382.885 373.988 7.0928 10.1742 in
392.257 373.988 11.1405 10.1742 the
405.677 373.988 35.6187 10.1742 summary.

325.687 391.133 4.5310 16.5011 •
334.776 390.842 60.2793 10.1742 SemanticSumm:
404.455 390.842 5.5703 10.1742 It
415.596 390.842 6.0808 10.1742 is
427.237 390.842 4.0478 10.1742 a
436.856 390.842 32.4097 10.1742 semantic
474.831 389.989 6.3816 7.1219 29
487.235 390.842 11.6420 10.1742 ap-

334.776 401.782 24.8064 10.1742 proach
363.767 401.782 20.7586 10.1742 based
388.711 401.782 54.1894 10.1742 summarization
447.084 401.782 25.3261 10.1742 system
476.595 401.782 22.2811 10.1742 which

334.776 412.721 15.6989 10.1742 uses
352.754 412.721 20.7677 10.1742 AMR
375.801 412.721 24.3050 10.1742 graphs
402.385 412.721 10.6300 10.1742 for
415.295 412.721 29.3647 10.1742 creating
446.939 412.721 41.7816 10.1742 summaries.

303.324 428.639 6.8375 10.1742 3.
314.720 428.639 27.3408 10.1742 Natural
344.340 428.639 35.9469 10.1742 Language
382.566 428.639 40.5053 10.1742 Generation
425.350 428.639 20.0384 10.1742 Tools

325.687 447.117 4.5310 16.5011 •
334.776 446.825 44.5713 10.1742 SimpleNLG
385.075 445.972 6.3816 7.1219 30
397.639 446.825 7.0928 10.1742 to
410.466 446.825 30.8781 10.1742 generate
447.070 446.825 11.1405 10.1742 the
463.945 446.825 34.9350 10.1742 sentences

334.776 457.765 28.3528 10.1742 (Genest
365.408 457.765 7.0928 10.1742 &
374.780 457.765 34.1783 10.1742 Lapalme,
411.238 457.765 23.5483 10.1742 2011).

325.687 474.911 4.5310 16.5011 •
334.776 474.619 16.7199 10.1742 FUF
354.970 474.619 7.5942 10.1742 or
366.028 474.619 29.8844 10.1742 SURGE
399.386 474.619 35.9469 10.1742 Language
438.806 474.619 36.4484 10.1742 Generator
478.724 473.765 6.3816 7.1219 31
485.562 474.619 2.5344 10.1742 :
493.311 474.619 5.5703 10.1742 It

334.776 485.559 6.0808 10.1742 is
344.477 485.559 16.7108 10.1742 used
364.816 485.559 7.0928 10.1742 to
375.528 485.559 30.8781 10.1742 generate
410.025 485.559 11.1405 10.1742 the
424.785 485.559 34.9350 10.1742 sentences
463.349 485.559 9.1166 10.1742 by
476.084 485.559 22.7916 10.1742 fusing

334.776 496.499 13.1644 10.1742 and
351.478 496.499 30.2217 10.1742 merging
385.228 496.499 11.1405 10.1742 the
399.906 496.499 29.6200 10.1742 phrases.
436.108 496.499 16.7199 10.1742 FUF
456.365 496.499 6.0808 10.1742 is
465.974 496.499 4.0478 10.1742 a
473.559 496.499 25.3169 10.1742 natural

334.776 507.438 32.9111 10.1742 language
371.070 507.438 38.4814 10.1742 generation
412.933 507.438 14.1855 10.1742 tool
430.501 507.438 22.2811 10.1742 which
456.155 507.438 6.0808 10.1742 is
465.619 507.438 20.7586 10.1742 based
489.759 507.438 9.1166 10.1742 on

334.776 518.379 39.0010 10.1742 uniﬁcation
376.786 518.379 7.5942 10.1742 of
387.379 518.379 38.7366 10.1742 grammars.
431.121 518.379 29.8844 10.1742 SURGE
464.005 518.379 6.0808 10.1742 is
473.094 518.379 4.0478 10.1742 a
480.141 518.379 18.7347 10.1742 com-

334.776 529.319 39.1287 10.1742 prehensive
376.184 529.319 32.9111 10.1742 grammar
411.374 529.319 10.1286 10.1742 set
423.782 529.319 10.6300 10.1742 for
436.691 529.319 18.2698 10.1742 FUF.

296.486 559.438 6.8375 10.5115 5.
307.882 559.438 42.5474 10.5115 Challenges
352.709 559.438 14.6960 10.5115 and
369.684 559.438 26.6753 10.5115 Future
398.638 559.438 36.2934 10.5115 Direction

305.603 582.027 42.9212 10.1742 Complexity
352.062 582.027 7.5942 10.1742 of
363.193 582.027 25.3169 10.1742 natural
392.047 582.027 32.9111 10.1742 language
428.505 582.027 38.9919 10.1742 processing
471.034 582.027 20.2572 10.1742 poses
494.829 582.027 4.0478 10.1742 a

296.486 592.967 9.6272 10.1742 lot
308.876 592.967 7.5942 10.1742 of
319.223 592.967 38.4814 10.1742 challenges
360.467 592.967 7.0928 10.1742 to
370.322 592.967 11.1405 10.1742 the
384.225 592.967 39.1287 10.1742 abstractive
426.107 592.967 13.5382 10.1742 text
442.407 592.967 56.4685 10.1742 summarization.

296.486 603.907 21.2600 10.1742 There
321.557 603.907 11.1314 10.1742 are
336.499 603.907 9.6272 10.1742 lot
349.928 603.907 7.5942 10.1742 of
361.333 603.907 17.7228 10.1742 open
382.867 603.907 30.3676 10.1742 research
417.045 603.907 33.9322 10.1742 problems
454.779 603.907 7.0928 10.1742 in
465.682 603.907 13.1736 10.1742 this
482.667 603.907 16.2094 10.1742 ﬁeld

296.486 614.847 22.2811 10.1742 which
322.132 614.847 11.1314 10.1742 are
336.636 614.847 11.1405 10.1742 yet
351.150 614.847 7.0928 10.1742 to
361.607 614.847 8.6061 10.1742 be
373.586 614.847 25.9460 10.1742 solved.
405.622 614.847 15.4710 10.1742 Few
424.466 614.847 7.5942 10.1742 of
435.424 614.847 11.1405 10.1742 the
449.938 614.847 38.4814 10.1742 challenges
491.783 614.847 7.0928 10.1742 in

296.486 625.788 13.1736 10.1742 this
311.939 625.788 16.2094 10.1742 ﬁeld
330.428 625.788 11.1314 10.1742 are
343.838 625.788 19.7558 10.1742 listed
365.873 625.788 20.0293 10.1742 down
388.182 625.788 7.5942 10.1742 as
398.055 625.788 24.5876 10.1742 below:

303.688 655.612 5.4700 6.1045 28
309.614 658.073 154.983 6.7901 https://github.com/facebookarchive/NAMAS

303.688 664.517 5.4700 6.1045 29
309.614 666.979 178.233 6.7901 https://github.com/summarization/semantic_summ

303.688 673.422 5.4700 6.1045 30
309.614 675.883 147.233 6.7901 https://github.com/simplenlg/simplenlg

303.688 682.328 5.4700 6.1045 31
309.614 684.789 182.108 6.7901 https://www.cs.cmu.edu/Groups/AI/areas/nlp/nlg/

296.486 693.449 38.7495 6.7901 fuf/0.html

280.988 706.771 9.1166 10.1742 17

210.051 21.8897 72.3402 12.7684 ACCEPTED
285.891 21.8897 90.2327 12.7684 MANUSCRIPT

54.9470 623.773 45.6014 26.4027 A
79.5679 599.382 45.6014 24.3914 C
102.313 574.991 45.6014 24.3914 C
125.058 552.647 45.6014 22.3435 E
145.894 532.315 45.6014 20.3323 P
164.854 509.971 45.6014 22.3435 T
185.689 487.628 45.6014 22.3435 E
206.525 461.225 45.6014 26.4027 D

239.671 419.573 45.6014 32.5097 M

269.987 393.171 45.6014 26.4027 A
294.608 366.768 45.6014 26.4027 N
319.229 340.365 45.6014 26.4027 U
343.850 320.033 45.6014 20.3323 S
362.810 295.642 45.6014 24.3914 C
385.555 271.250 45.6014 24.3914 R
408.300 259.073 45.6014 12.1774 I
419.656 238.741 45.6014 20.3323 P
438.616 216.397 45.6014 22.3435 T

81.3608 132.712 4.5310 16.5011 •
90.4495 132.083 19.7467 10.5115 Need
112.475 132.083 7.5942 10.5115 of
122.348 132.083 48.9473 10.5115 Quantitative
173.575 132.083 39.8407 10.5115 Measures:

90.4495 147.736 11.1405 10.1742 On
103.340 147.736 11.1405 10.1742 the
116.222 147.736 18.2333 10.1742 basis
136.205 147.736 7.5942 10.1742 of
145.541 147.736 29.3647 10.1742 whether
176.656 147.736 11.1405 10.1742 the
189.538 147.736 37.5241 10.1742 evaluation
228.812 147.736 6.0808 10.1742 is
236.634 147.736 37.9708 10.1742 performed

90.4495 158.676 9.1166 10.1742 by
102.647 158.676 38.9919 10.1742 comparing
144.730 158.676 11.1405 10.1742 the
158.952 158.676 23.8036 10.1742 results
185.837 158.676 31.3977 10.1742 obtained
220.316 158.676 9.1166 10.1742 by
232.523 158.676 19.7558 10.1742 using
255.360 158.676 19.2452 10.1742 some

90.4495 169.616 35.9561 10.1742 automatic
130.179 169.616 27.3499 10.1742 method
161.304 169.616 32.1271 10.1742 executed
197.205 169.616 9.1166 10.1742 by
210.105 169.616 11.1405 10.1742 the
225.020 169.616 25.3261 10.1742 system
254.120 169.616 7.5942 10.1742 or
265.489 169.616 9.1166 10.1742 by

90.4495 180.556 38.9919 10.1742 comparing
132.787 180.556 11.1405 10.1742 the
147.273 180.556 23.8036 10.1742 results
174.432 180.556 31.3977 10.1742 obtained
209.175 180.556 9.1166 10.1742 by
221.638 180.556 24.3050 10.1742 people
249.288 180.556 25.3169 10.1742 assess-

90.4495 191.496 20.5125 10.1742 ment,
114.708 191.496 11.1405 10.1742 the
129.304 191.496 37.5241 10.1742 evaluation
170.284 191.496 38.9919 10.1742 techniques
212.722 191.496 11.1314 10.1742 are
227.308 191.496 27.1220 10.1742 divided
257.885 191.496 16.7199 10.1742 into:

90.4495 202.436 42.6841 10.1742 quantitative
135.987 202.436 13.1644 10.1742 and
152.005 202.436 40.4050 10.1742 qualitative.
196.959 202.436 17.9780 10.1742 And,
217.936 202.436 11.1405 10.1742 On
231.930 202.436 11.1405 10.1742 the
245.924 202.436 18.2333 10.1742 basis
267.011 202.436 7.5942 10.1742 of

90.4495 213.376 29.3647 10.1742 whether
122.640 213.376 11.1405 10.1742 the
136.607 213.376 25.3261 10.1742 quality
164.759 213.376 7.5942 10.1742 of
175.179 213.376 33.9322 10.1742 summary
211.937 213.376 6.0808 10.1742 is
220.844 213.376 30.8872 10.1742 assessed
254.558 213.376 9.1166 10.1742 by
266.501 213.376 8.1047 10.1742 it-

90.4495 224.316 13.1644 10.1742 self
106.531 224.316 7.5942 10.1742 or
117.042 224.316 11.1405 10.1742 the
131.100 224.316 24.8155 10.1742 impact
158.833 224.316 7.5942 10.1742 of
169.335 224.316 33.9413 10.1742 summary
206.185 224.316 9.1166 10.1742 on
218.219 224.316 18.7347 10.1742 other
239.871 224.316 18.2333 10.1742 tasks
261.022 224.316 13.5838 10.1742 like

90.4495 235.256 38.9919 10.1742 readability
132.112 235.256 6.0808 10.1742 is
140.855 235.256 36.9589 10.1742 calculated
180.485 235.256 7.0928 10.1742 to
190.240 235.256 36.4575 10.1742 determine
229.369 235.256 8.6152 10.1742 its
240.646 235.256 33.9606 10.1742 eﬀective-

90.4495 246.196 17.9780 10.1742 ness,
110.907 246.196 11.1314 10.1742 are
124.472 246.196 27.1220 10.1742 divided
154.038 246.196 14.1855 10.1742 into
170.657 246.196 29.8844 10.1742 intrinsic
202.976 246.196 13.1644 10.1742 and
218.584 246.196 31.2610 10.1742 extrinsic
252.279 246.196 22.3267 10.1742 evalu-

90.4495 257.136 20.5125 10.1742 ation.

90.4495 272.452 7.5942 10.1742 In
101.480 272.452 42.6841 10.1742 quantitative
147.601 272.452 39.8033 10.1742 evaluation,
191.124 272.452 11.1405 10.1742 the
205.702 272.452 57.8725 10.1742 informativeness
267.011 272.452 7.5942 10.1742 of

90.4495 283.392 31.3886 10.1742 sentence
124.463 283.392 6.0808 10.1742 is
133.170 283.392 32.4006 10.1742 analyzed
168.196 283.392 9.1166 10.1742 on
179.947 283.392 11.1405 10.1742 the
193.713 283.392 18.2333 10.1742 basis
214.572 283.392 7.5942 10.1742 of
224.792 283.392 26.8394 10.1742 content
254.257 283.392 20.3484 10.1742 avail-

90.4495 294.332 17.4675 10.1742 able.
112.539 294.332 31.0331 10.1742 ROUGE
146.453 294.332 6.0808 10.1742 is
155.414 294.332 11.1405 10.1742 the
169.436 294.332 26.7482 10.1742 famous
199.056 294.332 23.2930 10.1742 metric
225.230 294.332 35.8649 10.1742 employed
263.975 294.332 10.6300 10.1742 for

90.4495 305.272 42.6841 10.1742 quantitative
135.285 305.272 39.8033 10.1742 evaluation.
177.869 305.272 22.2811 10.1742 While
202.301 305.272 7.0928 10.1742 in
211.545 305.272 38.1258 10.1742 qualitative
251.823 305.272 22.7825 10.1742 analy-

90.4495 316.213 11.9063 10.1742 sis,
104.525 316.213 15.1883 10.1742 user
121.865 316.213 41.4352 10.1742 satisfaction
165.443 316.213 6.0808 10.1742 is
173.666 316.213 34.4792 10.1742 evaluated
210.287 316.213 25.7819 10.1742 against
238.221 316.213 11.1405 10.1742 the
251.504 316.213 23.1016 10.1742 gener-

90.4495 327.153 15.1883 10.1742 ated
107.552 327.153 41.7816 10.1742 summaries.
152.032 327.153 20.7677 10.1742 Some
174.714 327.153 40.9976 10.1742 researchers
217.626 327.153 35.4364 10.1742 (Banerjee
254.968 327.153 6.5822 10.1742 et
263.465 327.153 11.1405 10.1742 al.,

90.4495 338.092 21.2691 10.1742 2017)
114.481 338.092 16.8932 10.1742 have
134.136 338.092 16.7108 10.1742 used
153.609 338.092 24.8155 10.1742 human
181.187 338.092 37.5241 10.1742 evaluation
221.473 338.092 20.2572 10.1742 along
244.493 338.092 16.2094 10.1742 with
263.465 338.092 11.1405 10.1742 the

90.4495 349.032 31.0331 10.1742 ROUGE
124.454 349.032 20.7586 10.1742 Score
148.176 349.032 7.0928 10.1742 to
158.240 349.032 14.1855 10.1742 ﬁnd
175.398 349.032 11.1405 10.1742 the
189.501 349.032 25.0434 10.1742 overall
217.517 349.032 25.3261 10.1742 quality
245.806 349.032 7.5942 10.1742 of
256.372 349.032 18.2333 10.1742 sum-

90.4495 359.972 20.4213 10.1742 mary.

90.4495 375.288 31.0331 10.1742 ROUGE
125.129 375.288 6.0808 10.1742 is
134.856 375.288 4.0478 10.1742 a
142.551 375.288 23.2930 10.1742 metric
169.481 375.288 16.7108 10.1742 used
189.839 375.288 10.6300 10.1742 for
204.115 375.288 41.0158 10.1742 performing
248.778 375.288 25.8275 10.1742 quanti-

90.4495 386.229 19.8925 10.1742 tative
114.316 386.229 29.3738 10.1742 analysis
147.674 386.229 13.1644 10.1742 and
164.814 386.229 6.0808 10.1742 is
174.869 386.229 46.3217 10.1742 recall-based.
229.113 386.229 5.5703 10.1742 It
238.658 386.229 35.9469 10.1742 calculates

90.4495 397.169 11.1405 10.1742 the
105.409 397.169 27.8514 10.1742 number
137.072 397.169 7.5942 10.1742 of
148.486 397.169 43.2767 10.1742 overlapping
195.582 397.169 29.8753 10.1742 n-grams
229.268 397.169 30.3767 10.1742 between
263.465 397.169 11.1405 10.1742 the

90.4495 408.108 25.3261 10.1742 system
119.549 408.108 35.4364 10.1742 generated
158.751 408.108 33.9322 10.1742 summary
196.457 408.108 13.1644 10.1742 and
213.387 408.108 11.1405 10.1742 the
228.302 408.108 24.8155 10.1742 human
256.883 408.108 17.7228 10.1742 writ-

90.4495 419.048 11.1405 10.1742 ten
103.996 419.048 35.6187 10.1742 summary.
142.815 419.048 21.2600 10.1742 There
166.473 419.048 11.1314 10.1742 are
180.011 419.048 20.1204 10.1742 many
202.538 419.048 28.6354 10.1742 variants
233.571 419.048 7.5942 10.1742 of
243.572 419.048 31.0331 10.1742 ROUGE

90.4495 429.988 23.2930 10.1742 metric
117.179 429.988 13.5838 10.1742 like
134.200 429.988 40.9064 10.1742 ROUGE-2,
178.826 429.988 22.2720 10.1742 where
204.535 429.988 18.6435 10.1742 word
226.615 429.988 36.9589 10.1742 sequences
267.011 429.988 7.5942 10.1742 of

90.4495 440.929 14.1764 10.1742 size
108.655 440.929 4.5583 10.1742 2
117.234 440.929 11.1314 10.1742 are
132.395 440.929 39.4933 10.1742 considered
175.908 440.929 10.6300 10.1742 for
190.568 440.929 45.0727 10.1742 comparison;
240.536 440.929 34.0689 10.1742 ROUGE-

90.4495 451.869 7.8494 10.1742 L,
101.097 451.869 22.2720 10.1742 where
126.168 451.869 26.3380 10.1742 longest
155.305 451.869 31.9083 10.1742 common
190.012 451.869 46.0755 10.1742 subsequence
238.886 451.869 6.0808 10.1742 is
247.766 451.869 26.8394 10.1742 consid-

90.4495 462.809 15.6898 10.1742 ered
108.226 462.809 10.6300 10.1742 for
120.935 462.809 45.0727 10.1742 comparison;
168.159 462.809 52.5575 10.1742 ROUGE-SU4,
222.841 462.809 22.2720 10.1742 where
247.192 462.809 15.1975 10.1742 skip
264.477 462.809 10.1286 10.1742 bi-

90.4495 473.749 22.2811 10.1742 grams
114.635 473.749 11.1314 10.1742 are
127.681 473.749 35.9469 10.1742 compared
165.534 473.749 16.2094 10.1742 with
183.649 473.749 36.2113 10.1742 unigrams.
222.567 473.749 30.8963 10.1742 Pyramid
255.369 473.749 19.2361 10.1742 score

90.4495 484.688 12.1525 10.1742 has
104.944 484.688 14.6869 10.1742 also
121.965 484.688 17.2122 10.1742 been
141.520 484.688 16.7108 10.1742 used
160.574 484.688 10.6300 10.1742 for
173.538 484.688 37.5241 10.1742 evaluation
213.405 484.688 28.8633 10.1742 purpose
244.612 484.688 7.5942 10.1742 as
254.540 484.688 5.0689 10.1742 it
261.951 484.688 12.6539 10.1742 can

90.4495 495.628 29.9208 10.1742 evaluate
123.989 495.628 11.1405 10.1742 the
138.749 495.628 25.3261 10.1742 quality
167.694 495.628 26.7027 10.1742 beyond
198.016 495.628 39.0375 10.1742 word-level
240.673 495.628 33.9322 10.1742 matching

90.4495 506.569 13.4197 10.1742 (Li,
106.148 506.569 23.5483 10.1742 2015).

90.4495 521.885 35.4364 10.1742 (Banerjee
129.888 521.885 6.5822 10.1742 et
140.472 521.885 11.1405 10.1742 al.,
155.615 521.885 21.2691 10.1742 2017)
180.877 521.885 16.7108 10.1742 used
201.590 521.885 11.1405 10.1742 the
216.733 521.885 57.8725 10.1742 informativeness

90.4495 532.825 13.1644 10.1742 and
107.926 532.825 33.9413 10.1742 linguistic
146.188 532.825 25.3261 10.1742 quality
175.826 532.825 7.5942 10.1742 as
187.733 532.825 4.5583 10.1742 2
196.603 532.825 33.9230 10.1742 measures
234.848 532.825 10.6300 10.1742 for
249.790 532.825 24.8155 10.1742 human

90.4495 543.765 20.7586 10.1742 based
114.417 543.765 39.8033 10.1742 evaluation.
159.827 543.765 18.2242 10.1742 (Oya
181.260 543.765 6.5822 10.1742 et
191.051 543.765 11.1405 10.1742 al.,
205.401 543.765 21.2691 10.1742 2014)
229.870 543.765 16.7108 10.1742 used
249.790 543.765 24.8155 10.1742 human

90.4495 554.705 23.0378 10.1742 based,
115.812 554.705 25.8183 10.1742 5-scale
143.946 554.705 27.3499 10.1742 method
173.611 554.705 20.7586 10.1742 based
196.685 554.705 9.1166 10.1742 on
208.118 554.705 28.3892 10.1742 ﬂuency,
238.832 554.705 11.6511 10.1742 too
252.798 554.705 21.8070 10.1742 many,

90.4495 565.644 38.9919 10.1742 grammatic
131.273 565.644 34.0963 10.1742 mistakes,
167.284 565.644 57.8725 10.1742 informativeness
226.989 565.644 13.1644 10.1742 and
241.977 565.644 32.6285 10.1742 coverage

90.4495 576.585 7.0928 10.1742 to
101.243 576.585 14.1855 10.1742 ﬁnd
119.130 576.585 11.1405 10.1742 the
133.972 576.585 25.0434 10.1742 overall
162.717 576.585 25.3261 10.1742 quality
191.744 576.585 7.5942 10.1742 of
203.031 576.585 35.6187 10.1742 summary.
245.742 576.585 28.8633 10.1742 (COHN

90.4495 587.525 7.0928 10.1742 &
100.176 587.525 35.5367 10.1742 LAPATA,
138.339 587.525 21.2691 10.1742 2013)
162.243 587.525 16.7108 10.1742 used
181.588 587.525 11.1405 10.1742 the
195.363 587.525 24.8155 10.1742 human
222.805 587.525 37.5241 10.1742 evaluation
262.963 587.525 11.6420 10.1742 ap-

90.4495 598.465 24.8064 10.1742 proach
119.540 598.465 20.2572 10.1742 along
144.082 598.465 16.2094 10.1742 with
164.586 598.465 11.1405 10.1742 the
180.011 598.465 41.0158 10.1742 spearman’s
225.312 598.465 37.9153 10.1742 coeﬃcient
267.512 598.465 7.0928 10.1742 to

90.4495 609.405 31.3886 10.1742 compare
125.676 609.405 11.1405 10.1742 the
140.645 609.405 23.8036 10.1742 results
168.287 609.405 7.5942 10.1742 of
179.710 609.405 16.7108 10.1742 their
200.259 609.405 39.1287 10.1742 abstractive
243.217 609.405 31.3886 10.1742 sentence

90.4495 620.345 46.0847 10.1742 compression
140.153 620.345 33.4125 10.1742 approach
177.176 620.345 7.0928 10.1742 to
187.888 620.345 23.7945 10.1742 ensure
215.292 620.345 11.1405 10.1742 the
230.052 620.345 44.5531 10.1742 appropriate-

90.4495 631.285 15.6989 10.1742 ness
108.865 631.285 7.5942 10.1742 of
119.176 631.285 41.8637 10.1742 distribution
163.765 631.285 7.5942 10.1742 of
174.076 631.285 24.8155 10.1742 ratings
201.608 631.285 15.5621 10.1742 they
219.887 631.285 16.7108 10.1742 used
239.315 631.285 2.2792 10.1742 .
245.742 631.285 28.8633 10.1742 (Baralis

90.4495 642.225 6.5822 10.1742 et
100.486 642.225 11.1405 10.1742 al.,
115.082 642.225 21.2691 10.1742 2013)
139.797 642.225 16.7108 10.1742 used
159.963 642.225 24.8155 10.1742 human
188.234 642.225 37.5241 10.1742 evaluation
229.214 642.225 9.1166 10.1742 on
241.776 642.225 11.1405 10.1742 the
256.372 642.225 18.2333 10.1742 basis

90.4495 653.165 7.5942 10.1742 of
100.486 653.165 38.9919 10.1742 readability
141.922 653.165 7.0928 10.1742 to
151.458 653.165 14.1855 10.1742 ﬁnd
168.086 653.165 11.1405 10.1742 the
181.661 653.165 46.6264 10.1742 eﬀectiveness
230.731 653.165 7.5942 10.1742 of
240.768 653.165 16.7108 10.1742 their
259.922 653.165 14.6869 10.1742 sys-

90.4495 664.105 15.9541 10.1742 tem.

90.4495 679.421 7.5942 10.1742 In
102.738 679.421 17.7319 10.1742 most
125.156 679.421 7.5942 10.1742 of
137.445 679.421 11.1405 10.1742 the
153.281 679.421 24.4691 10.1742 works,
183.047 679.421 11.1405 10.1742 the
198.882 679.421 40.5144 10.1742 assessment
244.083 679.421 7.5942 10.1742 of
256.372 679.421 18.2333 10.1742 sum-

90.4495 690.361 24.3050 10.1742 maries
118.510 690.361 12.1525 10.1742 has
134.419 690.361 17.2122 10.1742 been
155.378 690.361 17.7228 10.1742 done
176.857 690.361 9.1166 10.1742 by
189.729 690.361 19.7558 10.1742 using
213.232 690.361 31.0331 10.1742 ROUGE
248.021 690.361 26.5841 10.1742 Scores.

314.720 132.420 31.0331 10.1742 ROUGE
349.855 132.420 22.7825 10.1742 scores
376.740 132.420 15.6989 10.1742 help
396.532 132.420 30.3767 10.1742 measure
431.011 132.420 32.6285 10.1742 coverage
467.742 132.420 11.4687 10.1742 but
483.314 132.420 15.5621 10.1742 they

314.720 143.360 9.1166 10.1742 do
327.127 143.360 11.6511 10.1742 not
342.079 143.360 15.6989 10.1742 help
361.069 143.360 14.1855 10.1742 ﬁnd
378.554 143.360 36.9498 10.1742 coherence
418.795 143.360 13.1644 10.1742 and
435.251 143.360 18.7347 10.1742 other
457.286 143.360 24.7152 10.1742 factors
485.292 143.360 13.5838 10.1742 like

314.720 154.300 59.1032 10.1742 non-redundancy
375.956 154.300 7.5942 10.1742 as
385.684 154.300 15.5621 10.1742 they
403.379 154.300 16.2094 10.1742 only
421.713 154.300 32.4006 10.1742 calculate
456.246 154.300 11.1405 10.1742 the
469.520 154.300 29.3556 10.1742 repeata-

314.720 165.240 19.2544 10.1742 bility
338.386 165.240 7.5942 10.1742 of
350.384 165.240 31.8992 10.1742 N-grams
386.695 165.240 21.7797 10.1742 (Song
412.878 165.240 6.5822 10.1742 et
423.873 165.240 11.1405 10.1742 al.,
439.426 165.240 28.1066 10.1742 2018b).
476.741 165.240 5.5703 10.1742 It
486.723 165.240 12.1525 10.1742 has

314.720 176.181 14.6869 10.1742 also
332.752 176.181 17.2122 10.1742 been
353.319 176.181 32.7744 10.1742 observed
389.440 176.181 13.6750 10.1742 that
406.460 176.181 18.7347 10.1742 same
428.550 176.181 54.8275 10.1742 ROUGE-Score
486.723 176.181 12.1525 10.1742 has

314.720 187.120 17.2122 10.1742 been
334.384 187.120 31.3977 10.1742 obtained
368.234 187.120 10.6300 10.1742 for
381.317 187.120 30.7839 10.1742 diﬀerent
414.553 187.120 39.5024 10.1742 summaries
456.508 187.120 7.5942 10.1742 of
466.554 187.120 11.1405 10.1742 the
480.138 187.120 18.7347 10.1742 same

314.720 198.060 13.5382 10.1742 text
333.199 198.060 19.7467 10.1742 when
357.878 198.060 16.7108 10.1742 their
379.530 198.060 30.3858 10.1742 contents
414.857 198.060 11.1314 10.1742 are
430.920 198.060 40.5144 10.1742 completely
476.376 198.060 22.5005 10.1742 diﬀer-

314.720 209.000 11.1405 10.1742 ent
329.288 209.000 13.1644 10.1742 and
345.889 209.000 19.7467 10.1742 when
369.064 209.000 11.1405 10.1742 the
383.632 209.000 43.2767 10.1742 overlapping
430.337 209.000 6.0808 10.1742 is
439.855 209.000 14.6869 10.1742 also
457.969 209.000 24.3141 10.1742 almost
485.711 209.000 13.1644 10.1742 dif-

314.720 219.940 21.2600 10.1742 ferent
339.881 219.940 28.6080 10.1742 (Mehta,
372.391 219.940 23.5483 10.1742 2016).
403.625 219.940 18.5980 10.1742 Even
426.125 219.940 11.1405 10.1742 the
441.158 219.940 31.0331 10.1742 ROUGE
476.093 219.940 22.7825 10.1742 scores

314.720 230.880 12.0613 10.1742 fail
330.300 230.880 7.0928 10.1742 to
340.903 230.880 15.3342 10.1742 give
359.756 230.880 28.3710 10.1742 insights
391.637 230.880 7.0928 10.1742 to
402.248 230.880 15.6989 10.1742 help
421.457 230.880 26.3289 10.1742 specify
451.305 230.880 11.1405 10.1742 the
465.956 230.880 32.9202 10.1742 strengths

314.720 241.821 13.1644 10.1742 and
330.245 241.821 42.5292 10.1742 weaknesses
375.145 241.821 7.5942 10.1742 of
385.100 241.821 11.1405 10.1742 the
398.602 241.821 33.9322 10.1742 summary
434.895 241.821 34.4336 10.1742 (Carenini
471.699 241.821 7.0928 10.1742 &
481.153 241.821 17.7228 10.1742 Che-

314.720 252.761 15.9541 10.1742 ung,
334.621 252.761 23.5483 10.1742 2008).
366.010 252.761 19.7467 10.1742 More
389.704 252.761 18.6435 10.1742 work
412.295 252.761 9.1166 10.1742 on
425.368 252.761 25.8366 10.1742 ﬁnding
455.152 252.761 11.1405 10.1742 the
470.240 252.761 28.6354 10.1742 variants

314.720 263.700 7.5942 10.1742 of
325.769 263.700 31.0331 10.1742 ROUGE
360.257 263.700 20.7586 10.1742 Score
384.471 263.700 6.0808 10.1742 is
394.007 263.700 11.1405 10.1742 the
408.594 263.700 17.2122 10.1742 need
429.261 263.700 7.5942 10.1742 of
440.310 263.700 13.1644 10.1742 day
456.930 263.700 17.3125 10.1742 (Yao
477.698 263.700 6.5822 10.1742 et
487.735 263.700 11.1405 10.1742 al.,

314.720 274.640 23.5483 10.1742 2017).
342.926 274.640 31.3977 10.1742 (Baumel
377.214 274.640 6.5822 10.1742 et
386.695 274.640 11.1405 10.1742 al.,
400.726 274.640 21.2691 10.1742 2018)
424.885 274.640 26.3289 10.1742 (Zhang
454.104 274.640 6.5822 10.1742 et
463.576 274.640 11.1405 10.1742 al.,
477.607 274.640 21.2691 10.1742 2016)

314.720 285.580 16.8932 10.1742 have
334.311 285.580 35.9469 10.1742 addressed
372.966 285.580 11.1405 10.1742 the
386.805 285.580 18.2333 10.1742 issue
407.737 285.580 7.5942 10.1742 of
418.039 285.580 35.4546 10.1742 designing
456.192 285.580 42.6841 10.1742 quantitative

314.720 296.520 33.9230 10.1742 measures
351.204 296.520 22.2811 10.1742 which
376.047 296.520 12.6539 10.1742 can
391.263 296.520 14.1855 10.1742 ﬁnd
408.001 296.520 11.1405 10.1742 the
421.703 296.520 25.3261 10.1742 quality
449.591 296.520 7.5942 10.1742 of
459.747 296.520 39.1287 10.1742 abstractive

314.720 307.461 41.7816 10.1742 summaries.
360.330 307.461 31.0331 10.1742 ROUGE
393.980 307.461 20.7586 10.1742 Score
417.346 307.461 22.1899 10.1742 works
442.152 307.461 15.6989 10.1742 well
460.458 307.461 10.6300 10.1742 for
473.705 307.461 25.1711 10.1742 extrac-

314.720 318.401 13.3103 10.1742 tive
330.336 318.401 39.5024 10.1742 summaries
372.154 318.401 11.4687 10.1742 but
385.930 318.401 5.0689 10.1742 it
393.314 318.401 6.0808 10.1742 is
401.701 318.401 11.6511 10.1742 not
415.659 318.401 4.0478 10.1742 a
422.022 318.401 18.2333 10.1742 good
442.562 318.401 23.2930 10.1742 metric
468.171 318.401 10.6300 10.1742 for
481.107 318.401 17.7683 10.1742 eval-

314.720 329.341 22.7916 10.1742 uating
339.654 329.341 39.1287 10.1742 abstractive
380.934 329.341 39.5024 10.1742 summaries
422.579 329.341 7.5942 10.1742 as
432.324 329.341 15.5621 10.1742 they
450.029 329.341 17.2122 10.1742 need
469.393 329.341 4.0478 10.1742 a
475.583 329.341 23.2930 10.1742 metric

314.720 340.280 22.2811 10.1742 which
339.371 340.280 12.6539 10.1742 can
354.386 340.280 14.1855 10.1742 ﬁnd
370.942 340.280 11.1405 10.1742 the
384.453 340.280 32.4097 10.1742 semantic
419.224 340.280 27.0673 10.1742 overlap
448.661 340.280 15.6989 10.1742 than
466.721 340.280 11.1405 10.1742 the
480.232 340.280 18.6435 10.1742 word

314.720 351.220 29.3465 10.1742 overlap.

314.720 367.631 30.8963 10.1742 Pyramid
348.406 367.631 20.7586 10.1742 Score
371.954 367.631 6.0808 10.1742 is
380.824 367.631 13.1644 10.1742 one
396.778 367.631 7.5942 10.1742 of
407.153 367.631 11.1405 10.1742 the
421.083 367.631 23.2930 10.1742 metric
447.166 367.631 16.7108 10.1742 used
466.667 367.631 7.0928 10.1742 to
476.549 367.631 22.3267 10.1742 evalu-

314.720 378.570 10.6300 10.1742 ate
327.811 378.570 11.1405 10.1742 the
341.422 378.570 33.9322 10.1742 summary
377.816 378.570 17.7228 10.1742 from
398.009 378.570 11.1405 10.1742 the
411.611 378.570 32.4097 10.1742 semantic
446.492 378.570 43.4317 10.1742 perspective.
493.306 378.570 5.5703 10.1742 It

314.720 389.510 6.0808 10.1742 is
324.028 389.510 8.6061 10.1742 an
335.870 389.510 38.4905 10.1742 annotation
377.588 389.510 20.7586 10.1742 based
401.583 389.510 26.8394 10.1742 scoring
431.650 389.510 27.3499 10.1742 method
462.236 389.510 22.2720 10.1742 where
487.735 389.510 11.1405 10.1742 the

314.720 400.451 54.1894 10.1742 summarization
372.720 400.451 26.8394 10.1742 content
403.379 400.451 17.7319 10.1742 units
424.922 400.451 23.8036 10.1742 (SCU)
452.536 400.451 11.1314 10.1742 are
467.478 400.451 31.3977 10.1742 obtained

314.720 411.391 17.7228 10.1742 from
335.205 411.391 11.1405 10.1742 the
349.108 411.391 22.7916 10.1742 model
374.661 411.391 39.5024 10.1742 summaries
416.926 411.391 13.1644 10.1742 and
432.853 411.391 15.6989 10.1742 then
451.314 411.391 11.1405 10.1742 the
465.217 411.391 24.8155 10.1742 weight
492.795 411.391 6.0808 10.1742 is

314.720 422.331 31.3977 10.1742 assigned
348.478 422.331 7.0928 10.1742 to
357.932 422.331 16.7017 10.1742 each
376.995 422.331 17.7319 10.1742 SCU
397.088 422.331 9.1166 10.1742 on
408.557 422.331 11.1405 10.1742 the
422.059 422.331 18.2333 10.1742 basis
442.653 422.331 7.5942 10.1742 of
452.609 422.331 36.3116 10.1742 frequency
491.282 422.331 7.5942 10.1742 of

314.720 433.271 8.6152 10.1742 its
326.088 433.271 39.9856 10.1742 occurrence
368.836 433.271 7.0928 10.1742 in
378.682 433.271 11.1405 10.1742 the
392.585 433.271 61.7562 10.1742 human-reference
457.094 433.271 41.7816 10.1742 summaries.

314.720 444.211 15.4527 10.1742 But,
333.436 444.211 9.6272 10.1742 lot
346.126 444.211 7.5942 10.1742 of
356.793 444.211 71.7754 10.1742 human-intervention
431.631 444.211 6.0808 10.1742 is
440.775 444.211 30.3767 10.1742 required
474.224 444.211 7.0928 10.1742 to
484.380 444.211 14.4955 10.1742 per-

314.720 455.150 17.7228 10.1742 form
334.721 455.150 13.1736 10.1742 this
350.183 455.150 37.5241 10.1742 evaluation
389.987 455.150 7.0928 10.1742 to
399.358 455.150 22.2811 10.1742 assess
423.919 455.150 11.1405 10.1742 the
437.348 455.150 32.4097 10.1742 semantic
472.036 455.150 26.8394 10.1742 content

314.720 466.091 7.5942 10.1742 of
325.386 466.091 15.8174 10.1742 text.
346.409 466.091 49.1296 10.1742 AutoPyramid
398.602 466.091 6.0808 10.1742 is
407.755 466.091 8.6061 10.1742 an
419.433 466.091 34.8074 10.1742 extension
457.313 466.091 7.5942 10.1742 of
467.980 466.091 30.8963 10.1742 Pyramid

314.720 477.031 33.4125 10.1742 approach
351.022 477.031 22.2720 10.1742 where
376.184 477.031 45.4374 10.1742 (Passonneau
424.511 477.031 6.5822 10.1742 et
433.993 477.031 11.1405 10.1742 al.,
448.023 477.031 21.2691 10.1742 2013)
472.182 477.031 16.7108 10.1742 tried
491.783 477.031 7.0928 10.1742 to

314.720 487.971 24.2959 10.1742 reduce
342.407 487.971 13.1736 10.1742 this
358.972 487.971 26.8394 10.1742 manual
389.203 487.971 19.6433 10.1742 eﬀort
412.237 487.971 9.1166 10.1742 by
424.745 487.971 41.0249 10.1742 automating
469.162 487.971 11.1405 10.1742 the
483.684 487.971 15.1883 10.1742 pro-

314.720 498.911 15.1883 10.1742 cess
332.871 498.911 7.5942 10.1742 of
343.428 498.911 25.8366 10.1742 ﬁnding
372.227 498.911 29.3647 10.1742 whether
404.555 498.911 11.1405 10.1742 the
418.658 498.911 17.7319 10.1742 SCU
439.344 498.911 6.0808 10.1742 is
448.388 498.911 26.3289 10.1742 present
477.680 498.911 7.0928 10.1742 in
487.735 498.911 11.1405 10.1742 the

314.720 509.851 63.7983 10.1742 system-generated
381.198 509.851 33.9322 10.1742 summary
417.811 509.851 7.5942 10.1742 or
428.085 509.851 13.9302 10.1742 not.
446.054 509.851 18.5980 10.1742 They
467.332 509.851 16.7108 10.1742 used
486.723 509.851 12.1525 10.1742 dy-

314.720 520.791 22.2811 10.1742 namic
340.620 520.791 49.6310 10.1742 programming
393.879 520.791 13.1644 10.1742 and
410.663 520.791 20.2572 10.1742 latent
434.540 520.791 22.6458 10.1742 vector
460.814 520.791 27.3499 10.1742 method
491.783 520.791 7.0928 10.1742 to

314.720 531.731 19.1085 10.1742 solve
337.146 531.731 13.1736 10.1742 this
353.639 531.731 20.5125 10.1742 issue.
380.104 531.731 13.1736 10.1742 But
396.596 531.731 15.5621 10.1742 they
415.477 531.731 20.2572 10.1742 could
439.061 531.731 11.6511 10.1742 not
454.031 531.731 30.3858 10.1742 quantify
487.735 531.731 11.1405 10.1742 the

314.720 542.671 25.3261 10.1742 quality
342.553 542.671 7.5942 10.1742 of
352.663 542.671 33.9322 10.1742 summary
389.102 542.671 9.1166 10.1742 on
400.735 542.671 11.1405 10.1742 the
414.383 542.671 18.2333 10.1742 basis
435.123 542.671 7.5942 10.1742 of
445.233 542.671 37.9708 10.1742 agreement
485.711 542.671 13.1644 10.1742 and

314.720 553.611 48.1086 10.1742 contradiction
365.663 553.611 16.2094 10.1742 with
384.699 553.611 11.1405 10.1742 the
398.675 553.611 61.7562 10.1742 human-reference
463.257 553.611 35.6187 10.1742 summary.

314.720 564.551 21.8708 10.1742 (Yang
341.112 564.551 6.5822 10.1742 et
352.216 564.551 11.1405 10.1742 al.,
367.879 564.551 21.2691 10.1742 2016)
393.679 564.551 26.3198 10.1742 created
424.520 564.551 13.1644 10.1742 one
442.207 564.551 18.7347 10.1742 more
465.463 564.551 33.4125 10.1742 approach

314.720 575.491 21.7706 10.1742 called
339.918 575.491 57.7357 10.1742 PEAK(Pyramid
401.091 575.491 39.2745 10.1742 Evaluation
443.793 575.491 11.1405 10.1742 via
458.361 575.491 40.5144 10.1742 Automated

314.720 586.432 41.7998 10.1742 Knowledge
358.762 586.432 41.0158 10.1742 Extraction)
402.011 586.432 7.0928 10.1742 to
411.347 586.432 49.6310 10.1742 automatically
463.212 586.432 22.2811 10.1742 assess
487.735 586.432 11.1405 10.1742 the

314.720 597.371 17.7319 10.1742 SCU
336.490 597.371 9.1166 10.1742 by
349.655 597.371 19.7558 10.1742 using
373.449 597.371 43.0488 10.1742 information
420.546 597.371 36.3207 10.1742 extraction
460.914 597.371 13.1644 10.1742 and
478.117 597.371 20.7586 10.1742 graph

314.720 608.311 41.2802 10.1742 algorithms.
362.719 608.311 13.1736 10.1742 But
379.475 608.311 13.1736 10.1742 this
396.222 608.311 33.4125 10.1742 approach
433.209 608.311 14.6869 10.1742 also
451.478 608.311 23.7033 10.1742 lacked
478.755 608.311 20.1204 10.1742 many

314.720 619.251 22.2902 10.1742 things
340.501 619.251 13.5838 10.1742 like
357.568 619.251 5.0689 10.1742 it
366.128 619.251 26.6753 10.1742 doesn’t
396.286 619.251 15.0972 10.1742 take
414.875 619.251 14.1855 10.1742 into
432.543 619.251 51.3997 10.1742 consideration,
487.735 619.251 11.1405 10.1742 the

314.720 630.191 45.5468 10.1742 co-reference
363.512 630.191 38.7458 10.1742 resolution,
405.749 630.191 39.4842 10.1742 paraphrase
448.479 630.191 50.3968 10.1742 identiﬁcation,

314.720 641.131 13.1644 10.1742 and
330.163 641.131 20.6674 10.1742 failed
353.110 641.131 7.0928 10.1742 to
362.482 641.131 22.7916 10.1742 model
387.552 641.131 11.1405 10.1742 the
400.972 641.131 50.3877 10.1742 contradiction.

314.720 657.541 20.5125 10.1742 Thus,
340.137 657.541 7.0928 10.1742 to
351.615 657.541 26.1921 10.1742 resolve
382.192 657.541 11.1405 10.1742 the
397.717 657.541 63.0234 10.1742 above-mentioned
465.117 657.541 21.7797 10.1742 issues
491.282 657.541 7.5942 10.1742 of

314.720 668.481 33.1755 10.1742 Pyramid,
351.560 668.481 31.0331 10.1742 ROUGE
385.984 668.481 13.1644 10.1742 and
402.540 668.481 51.5638 10.1742 Auto-pyramid
457.495 668.481 30.8963 10.1742 methods
491.783 668.481 7.0928 10.1742 to

314.720 679.422 29.9208 10.1742 evaluate
350.329 679.422 11.1405 10.1742 the
367.158 679.422 39.1287 10.1742 abstractive
411.976 679.422 42.0369 10.1742 summaries;
461.406 679.422 37.4694 10.1742 (Vadapalli

314.720 690.362 6.5822 10.1742 et
325.304 690.362 11.1405 10.1742 al.,
340.447 690.362 21.2691 10.1742 2017)
365.718 690.362 26.3198 10.1742 created
396.040 690.362 13.1644 10.1742 one
413.207 690.362 25.5722 10.1742 metric,
443.210 690.362 33.9322 10.1742 Semantic
481.144 690.362 17.7319 10.1742 Sim-

280.988 706.771 9.1166 10.1742 18

210.051 21.8897 72.3402 12.7684 ACCEPTED
285.891 21.8897 90.2327 12.7684 MANUSCRIPT

54.9470 623.773 45.6014 26.4027 A
79.5679 599.382 45.6014 24.3914 C
102.313 574.991 45.6014 24.3914 C
125.058 552.647 45.6014 22.3435 E
145.894 532.315 45.6014 20.3323 P
164.854 509.971 45.6014 22.3435 T
185.689 487.628 45.6014 22.3435 E
206.525 461.225 45.6014 26.4027 D

239.671 419.573 45.6014 32.5097 M

269.987 393.171 45.6014 26.4027 A
294.608 366.768 45.6014 26.4027 N
319.229 340.365 45.6014 26.4027 U
343.850 320.033 45.6014 20.3323 S
362.810 295.642 45.6014 24.3914 C
385.555 271.250 45.6014 24.3914 R
408.300 259.073 45.6014 12.1774 I
419.656 238.741 45.6014 20.3323 P
438.616 216.397 45.6014 22.3435 T

90.4495 132.420 21.7797 10.1742 ilarity
116.204 132.420 10.6300 10.1742 for
130.799 132.420 41.6631 10.1742 Abstractive
176.437 132.420 83.5723 10.1742 Summarization(SSAS)
263.975 132.420 10.6300 10.1742 for

90.4495 143.360 37.5241 10.1742 evaluating
131.547 143.360 11.1405 10.1742 the
146.261 143.360 39.1287 10.1742 abstractive
188.964 143.360 39.5024 10.1742 summaries
232.040 143.360 6.5822 10.1742 at
242.196 143.360 32.4097 10.1742 semantic

90.4495 154.300 33.9139 10.1742 inference
128.292 154.300 19.6373 10.1742 level.
155.724 154.300 18.5980 10.1742 They
178.251 154.300 16.7108 10.1742 used
198.892 154.300 17.2122 10.1742 deep
220.042 154.300 32.4097 10.1742 semantic
256.381 154.300 18.2242 10.1742 anal-

90.4495 165.240 14.1855 10.1742 ysis
109.475 165.240 7.0928 10.1742 to
121.409 165.240 14.1855 10.1742 ﬁnd
140.436 165.240 11.1405 10.1742 the
156.417 165.240 24.1682 10.1742 lexical
185.426 165.240 13.1644 10.1742 and
203.432 165.240 32.4097 10.1742 semantic
240.682 165.240 33.9230 10.1742 measures

90.4495 176.180 7.0928 10.1742 to
102.492 176.180 31.3977 10.1742 compute
138.840 176.180 11.1405 10.1742 the
154.931 176.180 34.9532 10.1742 similarity
194.826 176.180 30.3767 10.1742 between
230.153 176.180 11.1405 10.1742 the
246.243 176.180 28.3619 10.1742 system-

90.4495 187.120 35.4364 10.1742 generated
129.441 187.120 13.1644 10.1742 and
146.161 187.120 63.2878 10.1742 human-generated
213.004 187.120 41.7816 10.1742 summaries.
261.432 187.120 13.1736 10.1742 But

90.4495 198.060 6.5822 10.1742 at
99.1376 198.060 28.6080 10.1742 present,
129.888 198.060 13.1736 10.1742 this
145.167 198.060 33.4125 10.1742 approach
180.686 198.060 18.6435 10.1742 takes
201.435 198.060 11.6511 10.1742 too
215.192 198.060 20.2572 10.1742 much
237.555 198.060 16.2094 10.1742 time
255.871 198.060 18.7347 10.1742 com-

90.4495 209.000 20.2481 10.1742 pared
115.684 209.000 7.0928 10.1742 to
127.763 209.000 33.3122 10.1742 ROUGE,
166.053 209.000 33.1755 10.1742 Pyramid,
204.890 209.000 51.5638 10.1742 Auto-pyramid
261.441 209.000 13.1644 10.1742 and

90.4495 219.940 23.8036 10.1742 PEAK
117.690 219.940 33.1755 10.1742 methods.
157.146 219.940 18.2333 10.1742 Thus
178.817 219.940 18.7347 10.1742 more
200.988 219.940 18.6435 10.1742 work
223.060 219.940 9.1166 10.1742 on
235.613 219.940 38.9919 10.1742 paralleling

90.4495 230.880 13.1644 10.1742 and
106.595 230.880 25.8366 10.1742 ﬁnding
135.421 230.880 20.7586 10.1742 better
159.161 230.880 18.6435 10.1742 ways
180.786 230.880 7.0928 10.1742 to
190.860 230.880 22.7916 10.1742 obtain
216.642 230.880 11.1405 10.1742 the
230.763 230.880 25.3078 10.1742 feature
259.052 230.880 15.5530 10.1742 vec-

90.4495 241.820 13.6750 10.1742 tors
106.403 241.820 7.0928 10.1742 to
115.775 241.820 19.6555 10.1742 make
137.710 241.820 21.7888 10.1742 SSAS
161.778 241.820 18.7347 10.1742 more
182.792 241.820 30.9245 10.1742 eﬀective
215.995 241.820 6.0808 10.1742 is
224.355 241.820 32.6558 10.1742 required.

81.3608 260.691 4.5310 16.5011 •
90.4495 260.062 19.7558 10.5115 Issue
113.788 260.062 7.5942 10.5115 of
124.974 260.062 19.0720 10.5115 Rare
147.629 260.062 25.6542 10.5115 Words
176.875 260.062 35.8284 10.5115 Learning
216.286 260.062 7.6033 10.5115 in
227.481 260.062 26.8394 10.5115 Neural
257.904 260.062 16.7017 10.5115 Net-

90.4495 271.002 26.2471 10.5115 works:
122.394 271.340 21.7797 10.1742 (Song
147.893 271.340 6.5822 10.1742 et
158.186 271.340 11.1405 10.1742 al.,
173.046 271.340 25.3169 10.1742 2018a)
202.074 271.340 38.4905 10.1742 mentioned
244.284 271.340 15.4710 10.1742 how
263.465 271.340 11.1405 10.1742 the

90.4495 282.279 22.7825 10.1742 neural
115.875 282.279 33.3305 10.1742 networks
151.859 282.279 7.5942 10.1742 or
162.097 282.279 79.9895 10.1742 sequence-to-sequence
244.730 282.279 29.8753 10.1742 learning

90.4495 293.219 15.6077 10.1742 fails
109.585 293.219 7.0928 10.1742 to
120.206 293.219 30.7413 10.1742 preserve
154.475 293.219 11.1405 10.1742 the
169.144 293.219 31.3977 10.1742 meaning
204.079 293.219 7.5942 10.1742 of
215.201 293.219 35.6187 10.1742 summary.
257.393 293.219 17.2122 10.1742 Rare

90.4495 304.160 22.1899 10.1742 words
115.246 304.160 39.0010 10.1742 sometimes
156.846 304.160 20.2481 10.1742 cause
179.701 304.160 11.1405 10.1742 the
193.440 304.160 33.9322 10.1742 problems
229.979 304.160 7.0928 10.1742 to
239.670 304.160 34.9350 10.1742 seq-2-seq

90.4495 315.100 26.3380 10.1742 models
119.321 315.100 28.8542 10.1742 because
150.710 315.100 7.5942 10.1742 of
160.839 315.100 11.1405 10.1742 the
174.523 315.100 13.5747 10.1742 fact
190.632 315.100 13.6750 10.1742 that
206.841 315.100 14.1673 10.1742 rare
223.543 315.100 22.1899 10.1742 words
248.267 315.100 26.3380 10.1742 usually

90.4495 326.040 20.2481 10.1742 occur
113.222 326.040 16.0635 10.1742 very
131.811 326.040 13.6750 10.1742 less
148.021 326.040 7.0928 10.1742 in
157.639 326.040 11.1405 10.1742 the
171.305 326.040 28.3619 10.1742 training
202.192 326.040 25.3261 10.1742 system
230.052 326.040 13.1644 10.1742 and
245.742 326.040 15.1975 10.1742 thus
263.465 326.040 11.1405 10.1742 the

90.4495 336.980 25.3261 10.1742 system
117.981 336.980 16.7108 10.1742 does
136.889 336.980 11.6511 10.1742 not
150.747 336.980 18.2242 10.1742 learn
171.177 336.980 16.7108 10.1742 their
190.085 336.980 31.1425 10.1742 patterns.
224.035 336.980 19.5005 10.1742 Also,
245.751 336.980 28.8542 10.1742 because

90.4495 347.920 7.0928 10.1742 in
100.651 347.920 17.2122 10.1742 deep
120.981 347.920 29.8753 10.1742 learning
153.965 347.920 43.2858 10.1742 approaches,
200.569 347.920 5.5703 10.1742 if
209.257 347.920 16.7108 10.1742 used
229.077 347.920 45.5285 10.1742 individually,

90.4495 358.859 11.1405 10.1742 the
105.546 358.859 32.4097 10.1742 syntactic
141.922 358.859 31.8992 10.1742 structure
177.777 358.859 6.0808 10.1742 is
187.824 358.859 11.6511 10.1742 not
203.432 358.859 11.6420 10.1742 fed
219.039 358.859 35.9925 10.1742 explicitly,
259.408 358.859 15.1975 10.1742 thus

90.4495 369.800 15.5621 10.1742 they
108.664 369.800 15.1883 10.1742 lack
126.505 369.800 11.1405 10.1742 the
140.299 369.800 32.4097 10.1742 syntactic
175.361 369.800 31.8992 10.1742 structure
209.914 369.800 13.1644 10.1742 and
225.731 369.800 11.1314 10.1742 are
239.515 369.800 16.9661 10.1742 bias.
260.429 369.800 14.1764 10.1742 The

90.4495 380.740 26.8394 10.1742 authors
119.121 380.740 16.8932 10.1742 have
137.846 380.740 14.6869 10.1742 also
154.375 380.740 23.5757 10.1742 shown
179.783 380.740 19.2452 10.1742 some
200.861 380.740 36.5760 10.1742 examples,
239.360 380.740 22.2720 10.1742 where
263.465 380.740 11.1405 10.1742 the

90.4495 391.680 31.9083 10.1742 Seq2Seq
124.108 391.680 22.7916 10.1742 model
148.650 391.680 15.6077 10.1742 fails
166.008 391.680 7.0928 10.1742 to
174.851 391.680 26.8303 10.1742 capture
203.432 391.680 11.1405 10.1742 the
216.323 391.680 18.2333 10.1742 main
236.306 391.680 16.0635 10.1742 verb
254.120 391.680 7.5942 10.1742 of
263.465 391.680 11.1405 10.1742 the

90.4495 402.620 33.6678 10.1742 sentence.
128.374 402.620 9.3993 10.1742 To
140.536 402.620 27.3408 10.1742 address
170.630 402.620 13.1736 10.1742 this
186.566 402.620 20.5125 10.1742 issue,
209.950 402.620 18.7347 10.1742 more
231.447 402.620 23.1895 10.1742 eﬀorts
257.390 402.620 17.2122 10.1742 need

90.4495 413.560 7.0928 10.1742 to
99.7120 413.560 8.6061 10.1742 be
110.478 413.560 31.7624 10.1742 explored
144.410 413.560 22.2811 10.1742 which
168.852 413.560 34.9441 10.1742 combines
205.966 413.560 11.1405 10.1742 the
219.267 413.560 32.4097 10.1742 syntactic
253.847 413.560 20.7586 10.1742 struc-

90.4495 424.500 14.1764 10.1742 ture
106.905 424.500 7.5942 10.1742 of
116.778 424.500 11.1405 10.1742 the
130.198 424.500 13.5382 10.1742 text
146.015 424.500 16.2094 10.1742 with
164.504 424.500 11.1405 10.1742 the
177.923 424.500 22.7825 10.1742 neural
202.985 424.500 35.6096 10.1742 networks.

81.3608 443.371 4.5310 16.5011 •
90.4495 442.742 44.5895 10.5115 Availability
137.555 442.742 7.5942 10.5115 of
147.674 442.742 35.4444 10.5115 Datasets:
186.428 443.079 14.1764 10.1742 The
203.121 443.079 40.6147 10.1742 availability
246.261 443.079 7.5942 10.1742 of
256.371 443.079 18.2333 10.1742 good

90.4495 454.019 13.1644 10.1742 and
106.029 454.019 18.0601 10.1742 large
126.514 454.019 28.3619 10.1742 training
157.292 454.019 24.3050 10.1742 corpus
184.022 454.019 6.0808 10.1742 is
192.519 454.019 13.1644 10.1742 one
208.108 454.019 7.5942 10.1742 of
218.119 454.019 11.1405 10.1742 the
231.684 454.019 21.2691 10.1742 major
255.369 454.019 19.2361 10.1742 road-

90.4495 464.959 20.2572 10.1742 block
113.842 464.959 7.0928 10.1742 to
124.080 464.959 13.1736 10.1742 this
140.390 464.959 17.7136 10.1742 area;
161.668 464.959 17.7319 10.1742 most
182.545 464.959 7.5942 10.1742 of
193.276 464.959 11.1405 10.1742 the
207.552 464.959 28.8633 10.1742 datasets
239.561 464.959 24.8155 10.1742 belong
267.513 464.959 7.0928 10.1742 to

90.4495 475.900 18.5068 10.1742 news
111.627 475.900 28.6080 10.1742 articles.
144.237 475.900 19.7558 10.1742 From
166.664 475.900 11.1405 10.1742 the
180.476 475.900 25.7181 10.1742 survey,
208.965 475.900 10.6300 10.1742 we
222.267 475.900 16.8932 10.1742 have
241.831 475.900 32.7744 10.1742 observed

90.4495 486.840 13.6750 10.1742 that
108.464 486.840 17.7319 10.1742 most
130.526 486.840 7.5942 10.1742 of
142.459 486.840 11.1405 10.1742 the
157.930 486.840 39.1287 10.1742 abstractive
201.399 486.840 54.1894 10.1742 summarization
259.918 486.840 14.6869 10.1742 sys-

90.4495 497.780 17.2213 10.1742 tems
110.806 497.780 16.8932 10.1742 have
130.836 497.780 16.7108 10.1742 used
150.683 497.780 19.2452 10.1742 DUC
173.062 496.926 6.3816 7.1219 32
183.034 497.780 13.1644 10.1742 and
199.334 497.780 17.0208 10.1742 TAC
219.490 496.926 6.3816 7.1219 33
229.462 497.780 27.5961 10.1742 dataset.
262.455 497.780 12.1525 10.1742 Gi-

90.4495 508.720 30.6137 10.1742 gawords
124.627 508.720 25.3169 10.1742 dataset
153.500 508.720 13.1644 10.1742 and
170.229 508.720 19.2452 10.1742 CNN
193.030 508.720 18.2333 10.1742 daily
214.827 508.720 16.2094 10.1742 mail
234.592 508.720 25.3169 10.1742 dataset
263.474 508.720 11.1314 10.1742 are

90.4495 519.659 14.6869 10.1742 also
107.944 519.659 11.1405 10.1742 the
121.901 519.659 26.7482 10.1742 famous
151.458 519.659 28.8633 10.1742 datasets
183.129 519.659 24.8155 10.1742 among
210.752 519.659 11.1405 10.1742 the
224.710 519.659 17.2122 10.1742 deep
244.730 519.659 29.8753 10.1742 learning

90.4495 530.599 43.2220 10.1742 community.
137.527 530.599 19.7467 10.1742 More
159.900 530.599 18.6435 10.1742 work
181.160 530.599 9.1166 10.1742 on
192.902 530.599 29.3647 10.1742 creating
224.883 530.599 18.2333 10.1742 good
245.742 530.599 28.8633 10.1742 datasets

90.4495 541.540 10.6300 10.1742 for
103.878 541.540 34.4153 10.1742 reasearch
141.083 541.540 41.5355 10.1742 community
185.417 541.540 6.0808 10.1742 is
194.288 541.540 32.6558 10.1742 required.
231.319 541.540 19.2361 10.1742 Deep
253.345 541.540 21.2600 10.1742 learn-

90.4495 552.480 11.6511 10.1742 ing
106.102 552.480 26.3380 10.1742 models
136.433 552.480 16.8932 10.1742 have
157.329 552.480 25.0434 10.1742 proved
186.365 552.480 7.0928 10.1742 to
197.460 552.480 8.6061 10.1742 be
210.059 552.480 13.1644 10.1742 one
227.226 552.480 7.5942 10.1742 of
238.822 552.480 11.1405 10.1742 the
253.956 552.480 20.6500 10.1742 eﬀec-

90.4495 563.420 13.3103 10.1742 tive
107.315 563.420 26.3380 10.1742 models
137.199 563.420 7.0928 10.1742 to
147.847 563.420 22.7916 10.1742 model
174.195 563.420 11.1405 10.1742 the
188.881 563.420 39.1287 10.1742 abstractive
231.566 563.420 43.0397 10.1742 summariza-

90.4495 574.360 14.1855 10.1742 tion
108.536 574.360 32.6650 10.1742 problem.
148.896 574.360 13.1736 10.1742 But
165.980 574.360 11.1405 10.1742 the
181.023 574.360 17.7228 10.1742 huge
202.648 574.360 27.3499 10.1742 amount
233.899 574.360 7.5942 10.1742 of
245.396 574.360 15.1883 10.1742 data
264.486 574.360 10.1195 10.1742 re-

90.4495 585.300 23.2930 10.1742 quired
116.477 585.300 10.6300 10.1742 for
129.851 585.300 28.3619 10.1742 training
160.948 585.300 28.8633 10.1742 purpose
192.546 585.300 6.0808 10.1742 is
201.371 585.300 13.1644 10.1742 one
217.271 585.300 7.5942 10.1742 of
227.600 585.300 11.1405 10.1742 the
241.485 585.300 21.2691 10.1742 major
265.489 585.300 9.1166 10.1742 is-

90.4495 596.239 12.1525 10.1742 sue
106.403 596.239 16.2094 10.1742 with
126.414 596.239 19.7558 10.1742 using
149.972 596.239 18.7347 10.1742 these
172.508 596.239 28.6172 10.1742 models.
208.510 596.239 18.7438 10.1742 Most
231.055 596.239 7.5942 10.1742 of
242.451 596.239 11.1405 10.1742 the
257.393 596.239 17.2122 10.1742 deep

90.4495 607.180 29.8753 10.1742 learning
123.989 607.180 26.3380 10.1742 models
153.992 607.180 11.1314 10.1742 are
168.788 607.180 26.8394 10.1742 applied
199.302 607.180 10.6300 10.1742 for
213.597 607.180 11.1405 10.1742 the
228.402 607.180 21.7797 10.1742 single
253.847 607.180 20.7586 10.1742 docu-

90.4495 618.120 18.2333 10.1742 ment
111.636 618.120 35.4455 10.1742 extractive
150.026 618.120 54.1894 10.1742 summarization
207.169 618.120 13.1644 10.1742 and
223.288 618.120 18.2242 10.1742 there
244.457 618.120 11.1314 10.1742 are
258.542 618.120 16.0635 10.1742 very

90.4495 629.060 13.4379 10.1742 few
106.431 629.060 22.1899 10.1742 works
131.164 629.060 32.5009 10.1742 available
166.217 629.060 9.1166 10.1742 on
177.878 629.060 11.1405 10.1742 the
191.562 629.060 51.6458 10.1742 query-speciﬁc
245.751 629.060 28.8542 10.1742 abstrac-

90.4495 640.000 13.3103 10.1742 tive
107.406 640.000 56.4685 10.1742 summarization.
170.803 640.000 14.1764 10.1742 The
188.626 640.000 23.7945 10.1742 reason
216.067 640.000 6.0808 10.1742 is
225.795 640.000 11.1405 10.1742 the
240.582 640.000 34.0233 10.1742 availabil-

90.4495 650.940 9.6272 10.1742 ity
103.404 650.940 7.5942 10.1742 of
114.335 650.940 18.0601 10.1742 large
135.722 650.940 18.2242 10.1742 scale
157.274 650.940 25.3169 10.1742 dataset
185.919 650.940 30.3767 10.1742 required
219.632 650.940 10.6300 10.1742 for
233.590 650.940 41.0158 10.1742 performing

79.4190 682.083 5.4700 6.1045 32
85.3442 684.545 81.3667 6.7901 https://duc.nist.gov/

79.4190 690.988 5.4700 6.1045 33
85.3442 693.449 81.3667 6.7901 https://tac.nist.gov/

314.720 132.420 51.6458 10.1742 query-speciﬁc
368.690 132.420 56.4685 10.1742 summarization.
428.112 132.420 24.8064 10.1742 (Nema
455.244 132.420 6.5822 10.1742 et
464.141 132.420 11.1405 10.1742 al.,
477.607 132.420 21.2691 10.1742 2018)

314.720 143.360 16.8932 10.1742 have
334.968 143.360 26.3198 10.1742 created
364.633 143.360 13.1644 10.1742 one
381.153 143.360 25.3169 10.1742 dataset
409.824 142.506 6.3816 7.1219 34
420.013 143.360 19.7558 10.1742 using
443.124 143.360 45.5650 10.1742 Debatepedia
492.040 142.506 6.3816 7.1219 35

314.720 154.300 10.6300 10.1742 for
329.461 154.300 26.8485 10.1742 solving
360.421 154.300 13.1736 10.1742 this
377.697 154.300 32.6650 10.1742 problem.
418.686 154.300 39.0010 10.1742 Alignment
461.798 154.300 7.5942 10.1742 of
473.495 154.300 15.1883 10.1742 data
492.795 154.300 6.0808 10.1742 is

314.720 165.240 14.6869 10.1742 also
333.837 165.240 13.1644 10.1742 one
351.432 165.240 7.5942 10.1742 of
363.448 165.240 11.1405 10.1742 the
379.019 165.240 18.2333 10.1742 issue
401.683 165.240 10.6300 10.1742 for
416.744 165.240 36.3207 10.1742 extracting
457.486 165.240 23.7945 10.1742 source
485.711 165.240 13.1644 10.1742 and

314.720 176.180 20.5945 10.1742 target
338.851 176.180 34.9350 10.1742 sentences
377.333 176.180 28.6080 10.1742 (Mehta,
409.478 176.180 23.5483 10.1742 2016).
439.636 176.180 25.8366 10.1742 Mostly
469.010 176.180 11.1405 10.1742 the
483.687 176.180 15.1883 10.1742 data

314.720 187.120 6.0808 10.1742 is
324.447 187.120 26.8394 10.1742 aligned
354.933 187.120 6.5822 10.1742 at
365.162 187.120 56.3500 10.1742 document-level
425.149 187.120 13.1644 10.1742 and
441.961 187.120 11.6511 10.1742 not
457.258 187.120 6.5822 10.1742 at
467.487 187.120 31.3886 10.1742 sentence

314.720 198.060 19.6373 10.1742 level.
339.271 198.060 16.5741 10.1742 (Fan
358.817 198.060 6.5822 10.1742 et
368.380 198.060 11.1405 10.1742 al.,
382.493 198.060 21.2691 10.1742 2018)
406.734 198.060 16.8932 10.1742 have
426.599 198.060 26.3198 10.1742 created
455.900 198.060 11.1405 10.1742 the
470.013 198.060 28.8633 10.1742 control-

314.720 209.000 17.7228 10.1742 lable
335.132 209.000 39.1287 10.1742 abstractive
376.950 209.000 39.5024 10.1742 summaries
419.142 209.000 13.1644 10.1742 and
434.986 209.000 28.6354 10.1742 allowed
466.311 209.000 11.1405 10.1742 the
480.141 209.000 18.7347 10.1742 users

314.720 219.940 7.0928 10.1742 to
324.930 219.940 29.8844 10.1742 mention
357.923 219.940 20.2572 10.1742 about
381.298 219.940 11.1405 10.1742 the
395.548 219.940 26.3380 10.1742 portion
425.004 219.940 7.5942 10.1742 of
435.707 219.940 13.5382 10.1742 text
452.363 219.940 15.5621 10.1742 they
471.043 219.940 17.6316 10.1742 want
491.783 219.940 7.0928 10.1742 to

314.720 230.880 42.2830 10.1742 summarize.
359.783 230.880 13.1736 10.1742 But
375.108 230.880 7.0928 10.1742 to
384.343 230.880 21.7614 10.1742 create
408.256 230.880 11.1405 10.1742 the
421.539 230.880 33.9322 10.1742 summary
457.623 230.880 10.6300 10.1742 for
470.405 230.880 11.1405 10.1742 the
483.687 230.880 15.1883 10.1742 spe-

314.720 241.820 15.6989 10.1742 ciﬁc
334.102 241.820 26.3380 10.1742 portion
364.123 241.820 7.5942 10.1742 of
375.409 241.820 15.8174 10.1742 text,
395.256 241.820 15.5621 10.1742 they
414.510 241.820 19.6464 10.1742 faced
437.840 241.820 11.1405 10.1742 the
452.664 241.820 34.9350 10.1742 challenge
491.282 241.820 7.5942 10.1742 of

314.720 252.761 27.5961 10.1742 dataset.
348.761 252.761 18.5980 10.1742 They
370.851 252.761 13.1644 10.1742 had
387.498 252.761 7.0928 10.1742 to
398.073 252.761 21.7614 10.1742 create
423.326 252.761 16.7108 10.1742 their
443.520 252.761 15.4710 10.1742 own
462.482 252.761 25.3169 10.1742 dataset
491.282 252.761 7.5942 10.1742 as

314.720 263.700 18.2242 10.1742 there
336.463 263.700 14.0852 10.1742 was
354.076 263.700 9.1166 10.1742 no
366.712 263.700 25.3169 10.1742 readily
395.557 263.700 32.5009 10.1742 available
431.577 263.700 25.3169 10.1742 dataset
460.422 263.700 22.2811 10.1742 which
486.222 263.700 12.6539 10.1742 can

314.720 274.640 8.6061 10.1742 be
326.845 274.640 16.7108 10.1742 used
347.075 274.640 7.0928 10.1742 to
357.686 274.640 29.3647 10.1742 perform
390.570 274.640 13.1736 10.1742 this
407.272 274.640 16.2094 10.1742 kind
427.000 274.640 7.5942 10.1742 of
438.113 274.640 35.6187 10.1742 summary.
480.278 274.640 18.5980 10.1742 They

314.720 285.580 26.8394 10.1742 aligned
343.838 285.580 11.1405 10.1742 the
357.258 285.580 39.5024 10.1742 summaries
399.039 285.580 7.0928 10.1742 to
408.411 285.580 12.6630 10.1742 full
423.354 285.580 41.7816 10.1742 documents.

305.631 305.187 4.5310 16.5011 •
314.720 304.558 19.7467 10.5115 Need
338.022 304.558 7.5942 10.5115 of
349.162 304.558 21.2783 10.5115 Good
373.996 304.558 44.0608 10.5115 Algorithms
421.603 304.558 11.4140 10.5115 for
436.573 304.558 32.4097 10.5115 Concept
472.529 304.558 26.3471 10.5115 Fusion

314.720 315.497 14.6960 10.5115 and
333.472 315.497 60.2681 10.5115 Generalization:
400.113 315.835 32.9111 10.1742 Sentence
437.081 315.835 22.7916 10.1742 fusion
463.930 315.835 6.0808 10.1742 is
474.067 315.835 13.1644 10.1742 one
491.280 315.835 7.5942 10.1742 of

314.720 326.775 11.1405 10.1742 the
329.716 326.775 16.0635 10.1742 very
349.636 326.775 42.5383 10.1742 challenging
396.031 326.775 15.1792 10.1742 area
415.066 326.775 7.5942 10.1742 of
426.517 326.775 39.1287 10.1742 abstractive
469.502 326.775 29.3738 10.1742 summa-

314.720 337.714 27.8514 10.1742 rization
345.114 337.714 18.4886 10.1742 ﬁeld.
367.222 337.714 21.2600 10.1742 There
391.026 337.714 6.0808 10.1742 is
399.650 337.714 11.6511 10.1742 not
413.845 337.714 20.2572 10.1742 much
436.646 337.714 18.6435 10.1742 work
457.833 337.714 17.7228 10.1742 done
478.099 337.714 7.0928 10.1742 in
487.735 337.714 11.1405 10.1742 the

314.720 348.655 16.2094 10.1742 ﬁeld
333.290 348.655 7.5942 10.1742 of
343.246 348.655 28.3528 10.1742 concept
373.960 348.655 51.6458 10.1742 generalization
427.967 348.655 13.1644 10.1742 and
443.483 348.655 25.0708 10.1742 fusion.
471.626 348.655 27.2497 10.1742 (Belke-

314.720 359.595 10.1286 10.1742 bir
328.258 359.595 7.0928 10.1742 &
338.751 359.595 40.7697 10.1742 Guessoum,
382.930 359.595 21.2691 10.1742 2016)
407.600 359.595 7.0928 10.1742 in
418.102 359.595 16.7108 10.1742 their
438.214 359.595 20.2481 10.1742 paper
461.871 359.595 16.8932 10.1742 have
482.165 359.595 16.7108 10.1742 used

314.720 370.535 18.2333 10.1742 noun
335.278 370.535 14.1764 10.1742 rule
351.788 370.535 13.1644 10.1742 and
367.277 370.535 32.5464 10.1742 adjective
402.148 370.535 14.1764 10.1742 rule
418.649 370.535 10.6300 10.1742 for
431.613 370.535 28.3528 10.1742 concept
462.291 370.535 22.7916 10.1742 fusion
487.407 370.535 11.4687 10.1742 but

314.720 381.475 18.7347 10.1742 more
336.290 381.475 18.6435 10.1742 work
357.777 381.475 9.1166 10.1742 on
369.729 381.475 25.8366 10.1742 ﬁnding
398.410 381.475 18.7347 10.1742 more
419.980 381.475 17.7228 10.1742 rules
440.538 381.475 7.0928 10.1742 to
450.476 381.475 29.3647 10.1742 perform
482.676 381.475 16.2003 10.1742 con-

314.720 392.415 15.1883 10.1742 cept
332.761 392.415 22.7916 10.1742 fusion
358.416 392.415 6.0808 10.1742 is
367.350 392.415 32.6558 10.1742 required.
404.564 392.415 19.7467 10.1742 Their
427.173 392.415 33.4125 10.1742 approach
463.439 392.415 35.4364 10.1742 generated

314.720 403.355 11.1405 10.1742 the
329.406 403.355 10.1286 10.1742 set
343.091 403.355 7.5942 10.1742 of
354.231 403.355 48.6009 10.1742 generalizable
406.378 403.355 34.9350 10.1742 sentences
444.860 403.355 11.4687 10.1742 but
459.884 403.355 16.7108 10.1742 their
480.141 403.355 18.7347 10.1742 algo-

314.720 414.295 19.7558 10.1742 rithm
337.867 414.295 12.1525 10.1742 has
353.411 414.295 42.4015 10.1742 exponential
399.204 414.295 20.2481 10.1742 space
422.843 414.295 40.8882 10.1742 complexity
467.123 414.295 13.1644 10.1742 and
483.678 414.295 15.1975 10.1742 thus

314.720 425.235 18.7347 10.1742 more
337.274 425.235 18.6435 10.1742 work
359.738 425.235 9.1166 10.1742 on
372.674 425.235 25.8366 10.1742 ﬁnding
402.340 425.235 11.1405 10.1742 the
417.300 425.235 39.0010 10.1742 algorithms
460.121 425.235 22.2811 10.1742 which
486.222 425.235 12.6539 10.1742 can

314.720 436.175 24.2959 10.1742 reduce
342.033 436.175 11.1405 10.1742 the
356.200 436.175 20.2481 10.1742 space
379.466 436.175 7.5942 10.1742 of
390.078 436.175 48.6009 10.1742 generalizable
441.696 436.175 34.9350 10.1742 sentences
479.658 436.175 6.0808 10.1742 is
488.756 436.175 10.1195 10.1742 re-

314.720 447.115 25.5722 10.1742 quired.
342.936 447.115 32.9111 10.1742 (Mehdad
377.579 447.115 6.5822 10.1742 et
385.902 447.115 11.1405 10.1742 al.,
398.775 447.115 21.2691 10.1742 2013)
421.776 447.115 35.9469 10.1742 addressed
459.465 447.115 11.1405 10.1742 the
472.337 447.115 17.2122 10.1742 need
491.282 447.115 7.5942 10.1742 of

314.720 458.055 25.8366 10.1742 ﬁnding
343.255 458.055 18.2333 10.1742 good
364.186 458.055 41.0067 10.1742 approaches
407.892 458.055 10.6300 10.1742 for
421.220 458.055 41.5355 10.1742 community
465.454 458.055 33.4216 10.1742 detection

314.720 468.996 13.1644 10.1742 and
330.500 468.996 31.3886 10.1742 sentence
364.496 468.996 22.7916 10.1742 fusion
389.905 468.996 10.6300 10.1742 for
403.142 468.996 31.3977 10.1742 informal
437.156 468.996 13.5382 10.1742 text
453.302 468.996 13.5838 10.1742 like
469.502 468.996 29.3738 10.1742 meeting

314.720 479.936 34.4336 10.1742 transcript
352.280 479.936 45.3280 10.1742 information.
402.987 479.936 43.5685 10.1742 Community
449.682 479.936 34.9350 10.1742 sentences
487.744 479.936 11.1314 10.1742 are

314.720 490.875 19.2452 10.1742 those
337.338 490.875 34.9350 10.1742 sentences
375.646 490.875 7.5942 10.1742 of
386.613 490.875 11.1405 10.1742 the
401.127 490.875 13.5382 10.1742 text
418.039 490.875 22.2811 10.1742 which
443.693 490.875 12.6539 10.1742 can
459.720 490.875 8.6061 10.1742 be
471.699 490.875 27.1767 10.1742 merged

314.720 501.815 29.8753 10.1742 together
346.874 501.815 7.0928 10.1742 to
356.246 501.815 21.7614 10.1742 create
380.286 501.815 8.6061 10.1742 an
391.172 501.815 28.3528 10.1742 abstract
421.804 501.815 33.6678 10.1742 sentence.

305.631 521.422 4.5310 16.5011 •
314.720 520.793 41.0340 10.5115 Scalability
359.610 520.793 26.3380 10.5115 Issues:
391.933 521.130 18.5980 10.1742 Even
414.387 521.130 25.3261 10.1742 though
443.569 521.130 18.2242 10.1742 there
465.650 521.130 12.1525 10.1742 has
481.668 521.130 17.2122 10.1742 been

314.720 532.070 4.0478 10.1742 a
322.596 532.070 9.6272 10.1742 lot
336.043 532.070 7.5942 10.1742 of
347.467 532.070 30.3676 10.1742 research
381.663 532.070 7.0928 10.1742 in
392.576 532.070 13.1736 10.1742 this
409.578 532.070 16.2094 10.1742 ﬁeld
429.617 532.070 11.4687 10.1742 but
444.905 532.070 11.1405 10.1742 the
459.875 532.070 39.0010 10.1742 algorithms

314.720 543.010 25.8183 10.1742 require
344.923 543.010 9.6272 10.1742 lot
358.926 543.010 7.5942 10.1742 of
370.905 543.010 15.1883 10.1742 data
390.470 543.010 13.1644 10.1742 and
408.019 543.010 22.5546 10.1742 power
434.950 543.010 7.0928 10.1742 to
446.428 543.010 15.3342 10.1742 give
466.147 543.010 18.2333 10.1742 good
488.756 543.010 10.1195 10.1742 re-

314.720 553.950 16.7199 10.1742 sults
334.594 553.950 16.2094 10.1742 with
353.958 553.950 16.2094 10.1742 long
373.312 553.950 39.5024 10.1742 documents
415.969 553.950 30.8963 10.1742 (Singhal
450.020 553.950 6.5822 10.1742 et
459.756 553.950 14.1764 10.1742 al.).
479.375 553.950 19.5005 10.1742 Also,

314.720 564.890 18.7438 10.1742 Most
337.165 564.890 7.5942 10.1742 of
348.469 564.890 11.1405 10.1742 the
363.311 564.890 18.6435 10.1742 work
385.656 564.890 7.0928 10.1742 in
396.459 564.890 13.1736 10.1742 this
413.334 564.890 16.2094 10.1742 ﬁeld
433.245 564.890 11.1314 10.1742 are
448.087 564.890 37.9708 10.1742 performed
489.759 564.890 9.1166 10.1742 on

314.720 575.830 24.3141 10.1742 simple
341.805 575.830 13.1644 10.1742 and
357.741 575.830 38.4905 10.1742 compound
398.994 575.830 37.2142 10.1742 sentences.
440.511 575.830 13.1736 10.1742 But
456.447 575.830 18.7347 10.1742 more
477.953 575.830 20.9227 10.1742 work,

314.720 586.770 9.1166 10.1742 on
326.261 586.770 25.8366 10.1742 ﬁnding
354.514 586.770 29.3647 10.1742 scalable
386.303 586.770 41.0067 10.1742 approaches
429.726 586.770 22.2811 10.1742 which
454.432 586.770 30.8872 10.1742 consider
487.735 586.770 11.1405 10.1742 the

314.720 597.710 81.3934 10.1742 complex-compounded
399.778 597.710 34.9350 10.1742 sentences
438.387 597.710 11.6511 10.1742 too
453.703 597.710 11.1314 10.1742 are
468.499 597.710 30.3767 10.1742 required

314.720 608.650 29.8753 10.1742 (Sahooa
347.649 608.650 6.5822 10.1742 et
357.294 608.650 11.1405 10.1742 al.,
371.489 608.650 23.5483 10.1742 2018).
400.197 608.650 18.5980 10.1742 Even
421.858 608.650 19.7467 10.1742 when
444.659 608.650 11.1405 10.1742 the
458.863 608.650 22.7825 10.1742 neural
484.699 608.650 14.1764 10.1742 net-

314.720 619.590 22.1899 10.1742 works
340.875 619.590 11.1314 10.1742 are
355.972 619.590 26.8394 10.1742 applied
386.778 619.590 7.0928 10.1742 to
397.845 619.590 11.1405 10.1742 the
412.951 619.590 54.1894 10.1742 summarization
471.107 619.590 7.5942 10.1742 of
482.666 619.590 16.2094 10.1742 long

314.720 630.531 38.2352 10.1742 document,
355.453 630.531 5.0689 10.1742 it
362.965 630.531 24.2080 10.1742 suﬀers
389.625 630.531 17.7228 10.1742 from
409.800 630.531 11.1405 10.1742 the
423.384 630.531 30.3858 10.1742 problem
456.222 630.531 7.5942 10.1742 of
466.269 630.531 16.9934 10.1742 slow
485.715 630.531 13.1644 10.1742 and

314.720 641.470 37.4603 10.1742 inaccurate
355.425 641.470 33.4216 10.1742 encoding
392.093 641.470 13.1644 10.1742 due
408.502 641.470 7.0928 10.1742 to
418.841 641.470 11.1405 10.1742 the
433.227 641.470 13.5747 10.1742 fact
450.047 641.470 13.6750 10.1742 that
466.968 641.470 31.9083 10.1742 attention

303.688 673.348 5.4700 6.1045 34
309.614 675.810 127.866 6.7901 https://github.com/PrekshaNema25/

296.486 684.471 123.991 6.7901 DiverstiyBasedAttentionMechanism

303.688 690.988 5.4700 6.1045 35
309.614 693.449 154.983 6.7901 http://www.debatepedia.org/en/index.php/

280.988 706.771 9.1166 10.1742 19

210.051 21.8897 72.3402 12.7684 ACCEPTED
285.891 21.8897 90.2327 12.7684 MANUSCRIPT

54.9470 623.773 45.6014 26.4027 A
79.5679 599.382 45.6014 24.3914 C
102.313 574.991 45.6014 24.3914 C
125.058 552.647 45.6014 22.3435 E
145.894 532.315 45.6014 20.3323 P
164.854 509.971 45.6014 22.3435 T
185.689 487.628 45.6014 22.3435 E
206.525 461.225 45.6014 26.4027 D

239.671 419.573 45.6014 32.5097 M

269.987 393.171 45.6014 26.4027 A
294.608 366.768 45.6014 26.4027 N
319.229 340.365 45.6014 26.4027 U
343.850 320.033 45.6014 20.3323 S
362.810 295.642 45.6014 24.3914 C
385.555 271.250 45.6014 24.3914 R
408.300 259.073 45.6014 12.1774 I
419.656 238.741 45.6014 20.3323 P
438.616 216.397 45.6014 22.3435 T

90.4495 132.420 41.5263 10.1742 mechanism
135.877 132.420 6.0808 10.1742 is
145.860 132.420 24.8246 10.1742 mostly
174.577 132.420 26.8394 10.1742 applied
205.319 132.420 13.1644 10.1742 and
222.385 132.420 5.0689 10.1742 it
231.356 132.420 19.7558 10.1742 looks
255.005 132.420 6.5822 10.1742 at
265.489 132.420 9.1166 10.1742 all

90.4495 143.360 11.1405 10.1742 the
104.188 143.360 30.3767 10.1742 encoded
137.154 143.360 22.1899 10.1742 words
161.942 143.360 10.6300 10.1742 for
175.161 143.360 33.4216 10.1742 decoding
211.181 143.360 28.8633 10.1742 purpose
242.633 143.360 22.2902 10.1742 (Chen
267.513 143.360 7.0928 10.1742 &

90.4495 154.300 27.0947 10.1742 Bansal,
119.823 154.300 23.5483 10.1742 2018).

81.3608 176.471 4.5310 16.5011 •
90.4495 175.842 35.9561 10.5115 Semantic
128.611 175.842 39.0010 10.5115 Similarity
169.828 175.842 48.1177 10.5115 Calculation:
220.734 176.180 33.9322 10.1742 Semantic
256.872 176.180 17.7319 10.1742 Sim-

90.4495 187.120 21.7797 10.1742 ilarity
116.340 187.120 42.0369 10.1742 Calculation
162.480 187.120 30.3767 10.1742 between
196.968 187.120 11.1405 10.1742 the
212.211 187.120 34.9350 10.1742 sentences
251.258 187.120 6.0808 10.1742 is
261.441 187.120 13.1644 10.1742 one

90.4495 198.060 7.5942 10.1742 of
101.562 198.060 11.1405 10.1742 the
116.222 198.060 33.9322 10.1742 problems
153.673 198.060 7.5942 10.1742 of
164.777 198.060 27.3408 10.1742 Natural
195.637 198.060 35.9469 10.1742 Language
235.103 198.060 39.5024 10.1742 Processing

90.4495 209.000 18.4886 10.1742 ﬁeld.
113.596 209.000 5.5703 10.1742 It
122.056 209.000 19.2452 10.1742 plays
144.192 209.000 4.0478 10.1742 a
151.129 209.000 16.0635 10.1742 very
170.083 209.000 35.4546 10.1742 important
208.428 209.000 14.1764 10.1742 role
225.494 209.000 7.0928 10.1742 in
235.477 209.000 39.1287 10.1742 abstractive

90.4495 219.940 54.1894 10.1742 summarization
146.562 219.940 27.3408 10.1742 process
175.836 219.940 7.5942 10.1742 as
185.353 219.940 5.0689 10.1742 it
192.355 219.940 19.2452 10.1742 helps
213.524 219.940 14.1855 10.1742 ﬁnd
229.642 219.940 11.1405 10.1742 the
242.706 219.940 31.8992 10.1742 concepts

90.4495 230.880 13.1644 10.1742 and
106.431 230.880 31.8992 10.1742 concepts
141.138 230.880 11.1314 10.1742 are
155.086 230.880 11.1405 10.1742 the
169.035 230.880 18.2242 10.1742 heart
190.076 230.880 7.5942 10.1742 of
200.478 230.880 11.1405 10.1742 the
214.435 230.880 39.1287 10.1742 abstractive
256.372 230.880 18.2333 10.1742 sum-

90.4495 241.820 38.9919 10.1742 marization
132.048 241.820 31.1516 10.1742 systems.
167.011 241.820 25.8366 10.1742 Mostly
195.455 241.820 20.0293 10.1742 Word
218.091 241.820 51.6276 10.1742 co-occurrence
272.326 241.820 2.2792 10.1742 ,

90.4495 252.761 24.1682 10.1742 lexical
116.596 252.761 33.6678 10.1742 database,
152.305 252.761 13.1644 10.1742 and
167.448 252.761 23.2839 10.1742 search
192.710 252.761 24.3050 10.1742 engine
219.003 252.761 23.8036 10.1742 results
244.785 252.761 11.1314 10.1742 are
257.895 252.761 16.7108 10.1742 used

90.4495 263.700 7.0928 10.1742 to
101.653 263.700 32.4006 10.1742 calculate
138.156 263.700 11.1405 10.1742 the
153.409 263.700 32.4097 10.1742 semantic
189.921 263.700 34.9532 10.1742 similarity
228.986 263.700 30.3767 10.1742 between
263.465 263.700 11.1405 10.1742 the

90.4495 274.640 22.1899 10.1742 words
114.800 274.640 7.5942 10.1742 or
124.564 274.640 11.1405 10.1742 the
137.865 274.640 37.2142 10.1742 sentences.
177.869 274.640 20.0293 10.1742 Word
200.058 274.640 51.6276 10.1742 co-occurrence
253.847 274.640 20.7586 10.1742 based

90.4495 285.580 26.3380 10.1742 models
119.796 285.580 32.4006 10.1742 calculate
155.205 285.580 13.1736 10.1742 this
171.387 285.580 34.9532 10.1742 similarity
209.339 285.580 9.1166 10.1742 by
221.464 285.580 38.9919 10.1742 comparing
263.465 285.580 11.1405 10.1742 the

90.4495 296.520 20.7586 10.1742 query
114.362 296.520 22.6458 10.1742 vector
140.162 296.520 13.1644 10.1742 and
156.481 296.520 35.9561 10.1742 document
195.600 296.520 22.6458 10.1742 vector
221.401 296.520 11.4687 10.1742 but
236.024 296.520 7.5942 10.1742 as
246.772 296.520 15.5621 10.1742 they
265.489 296.520 9.1166 10.1742 do

90.4495 307.460 11.6511 10.1742 not
105.045 307.460 30.8872 10.1742 consider
138.886 307.460 11.1405 10.1742 the
152.971 307.460 19.2361 10.1742 order
175.152 307.460 13.1644 10.1742 and
191.270 307.460 26.7027 10.1742 context
220.917 307.460 7.5942 10.1742 of
231.456 307.460 24.4691 10.1742 words,
259.043 307.460 15.5621 10.1742 they

90.4495 318.401 24.3050 10.1742 cannot
118.729 318.401 26.8303 10.1742 capture
149.525 318.401 11.1405 10.1742 the
164.640 318.401 32.4097 10.1742 semantic
201.025 318.401 34.9532 10.1742 similarity
239.944 318.401 16.0635 10.1742 very
259.982 318.401 14.6240 10.1742 eﬃ-

90.4495 329.341 26.5021 10.1742 ciently.
123.041 329.341 27.2041 10.1742 Lexical
153.609 329.341 34.9350 10.1742 databases
191.908 329.341 13.5838 10.1742 like
208.865 329.341 33.1937 10.1742 WordNet
245.423 329.341 11.1314 10.1742 are
259.918 329.341 14.6869 10.1742 also

90.4495 340.280 16.7108 10.1742 used
109.521 340.280 7.0928 10.1742 to
118.984 340.280 32.4006 10.1742 calculate
153.746 340.280 11.1405 10.1742 the
167.248 340.280 34.9532 10.1742 similarity
204.562 340.280 30.3767 10.1742 between
237.309 340.280 27.3408 10.1742 phrases
267.011 340.280 7.5942 10.1742 or

90.4495 351.220 31.3886 10.1742 sentence
124.965 351.220 11.4687 10.1742 but
139.560 351.220 20.7586 10.1742 direct
163.446 351.220 33.9322 10.1742 matching
200.505 351.220 7.5942 10.1742 of
211.226 351.220 22.1899 10.1742 words
236.543 351.220 7.5942 10.1742 or
247.264 351.220 27.3408 10.1742 phrases

90.4495 362.160 16.2094 10.1742 with
109.202 362.160 24.1682 10.1742 lexical
135.905 362.160 31.3886 10.1742 database
169.837 362.160 43.0488 10.1742 information
215.429 362.160 13.1644 10.1742 and
231.137 362.160 11.1405 10.1742 the
244.812 362.160 13.5747 10.1742 fact
260.930 362.160 13.6750 10.1742 that

90.4495 373.100 11.1405 10.1742 the
105.163 373.100 31.3977 10.1742 meaning
140.135 373.100 7.5942 10.1742 of
151.294 373.100 18.6435 10.1742 word
173.511 373.100 23.1930 10.1742 diﬀers
200.278 373.100 17.7228 10.1742 from
221.574 373.100 24.3050 10.1742 corpus
249.444 373.100 7.0928 10.1742 to
260.110 373.100 14.4955 10.1742 cor-

90.4495 384.041 14.9422 10.1742 pus,
109.129 384.041 20.7768 10.1742 limits
133.343 384.041 20.5125 10.1742 them.
160.173 384.041 20.8771 10.1742 Even,
184.788 384.041 11.1405 10.1742 the
199.375 384.041 23.2839 10.1742 search
226.096 384.041 24.3050 10.1742 engine
253.847 384.041 20.7586 10.1742 based

90.4495 394.981 30.8963 10.1742 methods
124.418 394.981 9.1166 10.1742 do
136.607 394.981 11.6511 10.1742 not
151.330 394.981 15.3342 10.1742 give
169.737 394.981 16.0635 10.1742 very
188.881 394.981 18.2333 10.1742 good
210.187 394.981 23.8036 10.1742 results
237.063 394.981 13.1644 10.1742 due
253.300 394.981 7.0928 10.1742 to
263.465 394.981 11.1405 10.1742 the

90.4495 405.921 13.5747 10.1742 fact
106.558 405.921 13.6750 10.1742 that
122.768 405.921 22.1899 10.1742 words
147.492 405.921 16.2094 10.1742 with
166.227 405.921 30.8963 10.1742 opposite
199.657 405.921 34.9441 10.1742 meanings
237.136 405.921 14.6869 10.1742 also
254.357 405.921 20.2481 10.1742 occur

90.4495 416.860 29.8753 10.1742 together
123.524 416.860 16.2094 10.1742 with
142.924 416.860 11.1405 10.1742 the
157.265 416.860 23.2839 10.1742 search
183.740 416.860 24.3050 10.1742 engine
211.245 416.860 26.0827 10.1742 results.
242.907 416.860 9.3993 10.1742 To
255.497 416.860 19.1085 10.1742 solve

90.4495 427.800 18.7347 10.1742 these
111.645 427.800 21.7797 10.1742 issues
135.896 427.800 25.4537 10.1742 (Pawar
163.811 427.800 7.0928 10.1742 &
173.365 427.800 23.5483 10.1742 Mago,
199.375 427.800 21.2691 10.1742 2018)
223.114 427.800 26.3198 10.1742 created
251.896 427.800 8.6061 10.1742 an
262.963 427.800 11.6420 10.1742 ap-

90.4495 438.741 24.8064 10.1742 proach
117.024 438.741 9.1166 10.1742 by
127.918 438.741 29.3647 10.1742 creating
159.052 438.741 11.1405 10.1742 the
171.961 438.741 32.4097 10.1742 semantic
206.139 438.741 26.1921 10.1742 vectors
234.109 438.741 10.6300 10.1742 for
246.508 438.741 11.1405 10.1742 the
259.417 438.741 15.1883 10.1742 sen-

90.4495 449.681 22.7825 10.1742 tences
115.292 449.681 9.1166 10.1742 by
126.460 449.681 19.7649 10.1742 using
148.276 449.681 33.1937 10.1742 WordNet
183.530 449.681 7.5942 10.1742 as
193.185 449.681 11.1405 10.1742 the
206.376 449.681 24.1682 10.1742 lexical
232.605 449.681 26.0736 10.1742 source.
261.432 449.681 13.1736 10.1742 But

90.4495 460.621 18.7347 10.1742 more
111.116 460.621 23.1953 10.1742 eﬀorts
136.245 460.621 7.0928 10.1742 to
145.279 460.621 24.1682 10.1742 extend
171.380 460.621 18.7347 10.1742 these
192.048 460.621 30.8963 10.1742 methods
224.877 460.621 7.0928 10.1742 to
233.911 460.621 26.6115 10.1742 various
262.455 460.621 12.1525 10.1742 do-

90.4495 471.561 21.7797 10.1742 mains
115.037 471.561 13.1644 10.1742 and
131.000 471.561 27.8422 10.1742 analyze
161.650 471.561 15.4710 10.1742 how
179.929 471.561 11.1405 10.1742 the
193.868 471.561 23.8036 10.1742 results
220.480 471.561 19.6445 10.1742 diﬀer
242.932 471.561 9.1166 10.1742 by
254.848 471.561 19.7558 10.1742 using

90.4495 482.501 30.7874 10.1742 diﬀerent
125.020 482.501 32.4188 10.1742 ontology
161.222 482.501 6.0808 10.1742 is
171.086 482.501 14.6869 10.1742 also
189.557 482.501 32.6558 10.1742 required.
229.560 482.501 18.7438 10.1742 Most
252.088 482.501 7.5942 10.1742 of
263.465 482.501 11.1405 10.1742 the

90.4495 493.440 22.1899 10.1742 works
114.891 493.440 16.8932 10.1742 have
134.036 493.440 16.7108 10.1742 used
152.998 493.440 33.1937 10.1742 WordNet
188.444 493.440 7.0928 10.1742 to
197.779 493.440 14.1855 10.1742 ﬁnd
214.217 493.440 11.1405 10.1742 the
227.609 493.440 24.1682 10.1742 lexical
254.029 493.440 20.5763 10.1742 infor-

90.4495 504.381 25.3261 10.1742 mation
119.185 504.381 7.0928 10.1742 in
129.687 504.381 11.1405 10.1742 the
144.237 504.381 13.5382 10.1742 text
161.194 504.381 7.0928 10.1742 to
171.697 504.381 21.7614 10.1742 create
196.868 504.381 11.1405 10.1742 the
211.418 504.381 26.5841 10.1742 graphs,
241.694 504.381 32.9111 10.1742 (Mehdad

90.4495 515.321 6.5822 10.1742 et
100.705 515.321 11.1405 10.1742 al.,
115.529 515.321 21.2691 10.1742 2013)
140.472 515.321 38.4905 10.1742 mentioned
182.646 515.321 11.1405 10.1742 the
197.460 515.321 17.2122 10.1742 need
218.346 515.321 7.5942 10.1742 of
229.624 515.321 25.8366 10.1742 ﬁnding
259.134 515.321 15.4710 10.1742 how

90.4495 526.261 11.1405 10.1742 the
104.315 526.261 24.3050 10.1742 graphs
131.346 526.261 25.8183 10.1742 change
159.900 526.261 16.2094 10.1742 with
178.835 526.261 19.7558 10.1742 using
201.317 526.261 30.7863 10.1742 diﬀerent
234.829 526.261 39.7759 10.1742 knowledge

90.4495 537.201 27.3408 10.1742 sources
120.069 537.201 13.5838 10.1742 like
135.932 537.201 18.8350 10.1742 Yago
157.046 537.201 34.4427 10.1742 Ontology
193.768 537.201 7.5942 10.1742 or
203.641 537.201 35.1994 10.1742 DBPedia.

81.3608 559.372 4.5310 16.5011 •
90.4495 558.743 19.7467 10.5115 Need
116.614 558.743 7.5942 10.5115 of
130.617 558.743 40.8608 10.5115 Increasing
177.896 558.743 12.1525 10.5115 the
196.467 558.743 35.9448 10.5115 eﬃciency
238.829 558.743 7.5942 10.5115 of
252.833 558.743 21.7706 10.5115 AMR

90.4495 569.684 31.9179 10.5115 Graphs:
127.873 570.021 20.7677 10.1742 AMR
152.260 570.021 6.0808 10.1742 is
161.961 570.021 4.0478 10.1742 a
169.628 570.021 25.5722 10.1742 rooted,
199.156 570.021 29.3647 10.1742 directed
232.140 570.021 13.1644 10.1742 and
248.924 570.021 25.6816 10.1742 acyclic

90.4495 580.961 20.7586 10.1742 graph
114.471 580.961 16.7108 10.1742 used
134.446 580.961 7.0928 10.1742 to
144.802 580.961 33.4125 10.1742 represent
181.479 580.961 11.1405 10.1742 the
195.883 580.961 32.4097 10.1742 semantic
231.557 580.961 43.0488 10.1742 information

90.4495 591.901 7.5942 10.1742 of
101.298 591.901 4.0478 10.1742 a
108.600 591.901 31.3886 10.1742 sentence
143.253 591.901 7.5942 10.1742 of
154.101 591.901 11.1405 10.1742 the
168.497 591.901 15.8174 10.1742 text.
190.076 591.901 20.7677 10.1742 AMR
214.098 591.901 26.3289 10.1742 Graphs
243.682 591.901 11.1314 10.1742 are
258.068 591.901 16.5376 10.1742 built

90.4495 602.841 18.2333 10.1742 upon
113.086 602.841 11.1405 10.1742 the
128.620 602.841 36.4666 10.1742 PropBank
169.481 602.841 33.6678 10.1742 frameset,
208.081 602.841 15.1975 10.1742 thus
227.682 602.841 11.1405 10.1742 the
243.217 602.841 31.3886 10.1742 frameset

90.4495 613.781 37.7429 10.1742 limitation,
131.738 613.781 20.7768 10.1742 limits
155.806 613.781 11.1405 10.1742 the
170.238 613.781 20.7677 10.1742 AMR
194.297 613.781 28.6080 10.1742 Graphs.
228.776 613.781 21.7706 10.1742 When
253.838 613.781 20.7677 10.1742 AMR

90.4495 624.721 26.3289 10.1742 Graphs
119.558 624.721 11.1314 10.1742 are
133.470 624.721 16.7108 10.1742 used
152.962 624.721 10.6300 10.1742 for
166.372 624.721 54.1894 10.1742 summarization
223.333 624.721 31.1425 10.1742 purpose,
257.384 624.721 17.2213 10.1742 indi-

90.4495 635.661 22.7916 10.1742 vidual
115.182 635.661 24.3050 10.1742 graphs
141.429 635.661 11.1314 10.1742 are
154.503 635.661 27.1767 10.1742 merged
183.612 635.661 29.8753 10.1742 together
215.429 635.661 9.1166 10.1742 by
226.488 635.661 48.1177 10.1742 identiﬁcation

90.4495 646.601 7.5942 10.1742 of
100.951 646.601 25.3261 10.1742 similar
129.195 646.601 31.8992 10.1742 concepts
164.002 646.601 15.6989 10.1742 (Liu
182.618 646.601 6.5822 10.1742 et
192.109 646.601 11.1405 10.1742 al.,
206.167 646.601 23.5483 10.1742 2015).
234.437 646.601 15.4527 10.1742 But,
252.962 646.601 7.5942 10.1742 as
263.465 646.601 11.1405 10.1742 the

90.4495 657.541 14.1764 10.1742 size
107.060 657.541 7.5942 10.1742 of
117.079 657.541 13.5382 10.1742 text
133.042 657.541 35.7008 10.1742 increases,
171.204 657.541 11.1405 10.1742 the
184.779 657.541 27.8514 10.1742 number
215.055 657.541 7.5942 10.1742 of
225.084 657.541 20.7677 10.1742 AMR
248.276 657.541 26.3289 10.1742 Graphs

90.4495 668.481 35.6917 10.1742 increases,
129.961 668.481 11.1405 10.1742 the
144.620 668.481 30.2217 10.1742 merging
178.352 668.481 18.7347 10.1742 leads
200.605 668.481 7.0928 10.1742 to
211.217 668.481 11.1405 10.1742 the
225.868 668.481 48.7376 10.1742 complexities.

90.4495 679.421 18.2333 10.1742 Thus
112.612 679.421 18.7347 10.1742 more
135.285 679.421 33.4216 10.1742 decoding
172.636 679.421 39.0010 10.1742 algorithms
215.575 679.421 13.5838 10.1742 like
233.088 679.421 41.5172 10.1742 Lagrangian

90.4495 690.362 36.4575 10.1742 relaxation
131.428 690.362 7.5942 10.1742 or
143.544 690.362 45.5741 10.1742 approximate
193.640 690.362 39.0010 10.1742 algorithms
237.163 690.362 24.3141 10.1742 should
265.999 690.362 8.6061 10.1742 be

314.720 132.420 39.2198 10.1742 discovered
357.349 132.420 7.0928 10.1742 to
367.851 132.420 19.6555 10.1742 make
390.916 132.420 20.7677 10.1742 AMR
415.094 132.420 22.2811 10.1742 Based
440.785 132.420 35.9469 10.1742 Approach
480.141 132.420 18.7347 10.1742 more

314.720 143.360 33.2029 10.1742 eﬀective.
354.650 143.360 15.6989 10.1742 (Liu
373.923 143.360 6.5822 10.1742 et
384.088 143.360 11.1405 10.1742 al.,
398.802 143.360 21.2691 10.1742 2015)
423.654 143.360 16.8932 10.1742 have
444.121 143.360 14.6869 10.1742 also
462.391 143.360 21.7706 10.1742 raised
487.735 143.360 11.1405 10.1742 the

314.720 154.300 17.2122 10.1742 need
335.186 154.300 7.5942 10.1742 of
346.035 154.300 41.0158 10.1742 performing
390.306 154.300 16.2094 10.1742 both
409.770 154.300 11.1405 10.1742 the
424.156 154.300 20.7677 10.1742 entity
448.178 154.300 13.1644 10.1742 and
464.597 154.300 19.3820 10.1742 event
487.234 154.300 11.6420 10.1742 co-

314.720 165.240 33.9048 10.1742 reference
351.852 165.240 36.4666 10.1742 resolution
391.536 165.240 7.0928 10.1742 to
401.856 165.240 19.6555 10.1742 make
424.739 165.240 11.1405 10.1742 the
439.098 165.240 26.3289 10.1742 Graphs
468.654 165.240 30.2217 10.1742 merging

314.720 176.181 18.7347 10.1742 more
335.679 176.181 31.5942 10.1742 eﬃcient.
370.081 176.181 19.5005 10.1742 Also,
391.824 176.181 7.0928 10.1742 to
401.141 176.181 28.3619 10.1742 identify
431.737 176.181 11.1405 10.1742 the
445.102 176.181 20.7586 10.1742 edges
468.094 176.181 7.0928 10.1742 to
477.411 176.181 8.6061 10.1742 be
488.251 176.181 10.6300 10.1742 se-

314.720 187.120 21.7706 10.1742 lected
338.532 187.120 7.5942 10.1742 as
348.178 187.120 11.1405 10.1742 the
361.360 187.120 34.9350 10.1742 candidate
398.337 187.120 10.6300 10.1742 for
411.010 187.120 11.1405 10.1742 the
424.201 187.120 35.6187 10.1742 summary,
461.908 187.120 36.9680 10.1742 subgraphs

314.720 198.060 11.1314 10.1742 are
328.896 198.060 36.7219 10.1742 identiﬁed,
368.863 198.060 11.4687 10.1742 but
383.377 198.060 24.8246 10.1742 mostly
411.247 198.060 11.1405 10.1742 the
425.441 198.060 33.4216 10.1742 subgraph
461.908 198.060 36.9680 10.1742 prediction

314.720 209.000 6.0808 10.1742 is
323.854 209.000 6.5822 10.1742 at
333.491 209.000 11.1405 10.1742 the
347.685 209.000 54.0617 10.1742 sentence-level.
406.889 209.000 40.5144 10.1742 Identifying
450.457 209.000 15.4710 10.1742 how
468.982 209.000 11.1405 10.1742 the
483.177 209.000 15.6989 10.1742 sub-

314.720 219.940 24.3050 10.1742 graphs
343.008 219.940 12.6539 10.1742 can
359.646 219.940 8.6061 10.1742 be
372.236 219.940 21.2691 10.1742 found
397.490 219.940 6.5822 10.1742 at
408.056 219.940 11.1405 10.1742 the
423.180 219.940 58.6292 10.1742 document-level,
486.222 219.940 12.6539 10.1742 can

314.720 230.881 15.6989 10.1742 help
333.992 230.881 27.4776 10.1742 achieve
365.043 230.881 56.6782 10.1742 more-coverage.
428.431 230.881 20.7677 10.1742 AMR
452.773 230.881 26.3289 10.1742 Graphs
482.676 230.881 16.2003 10.1742 con-

314.720 241.821 31.9083 10.1742 struction
348.697 241.821 29.8753 10.1742 depends
380.633 241.821 18.2333 10.1742 upon
400.936 241.821 11.1405 10.1742 the
414.146 241.821 32.5009 10.1742 available
448.707 241.821 25.8183 10.1742 parsers
476.595 241.821 22.2811 10.1742 which

314.720 252.761 20.7768 10.1742 limits
338.313 252.761 8.6152 10.1742 its
349.737 252.761 36.9326 10.1742 eﬃciency,
389.614 252.761 7.5942 10.1742 as
400.025 252.761 11.1405 10.1742 the
413.974 252.761 22.2811 10.1742 whole
439.072 252.761 28.3528 10.1742 concept
470.232 252.761 7.5942 10.1742 of
480.644 252.761 18.2333 10.1742 sum-

314.720 263.700 38.9919 10.1742 marization
357.477 263.700 19.7558 10.1742 using
381.007 263.700 20.7677 10.1742 AMR
405.540 263.700 26.3289 10.1742 Graphs
435.634 263.700 26.3289 10.1742 depend
465.737 263.700 18.2333 10.1742 upon
487.735 263.700 11.1405 10.1742 the

314.720 274.640 28.3528 10.1742 concept
346.017 274.640 50.3968 10.1742 identiﬁcation.
401.227 274.640 15.6989 10.1742 And
419.871 274.640 11.1405 10.1742 the
433.956 274.640 35.2410 10.1742 eﬃciency
472.142 274.640 7.5942 10.1742 of
482.681 274.640 16.2003 10.1742 con-

314.720 285.580 15.1883 10.1742 cept
333.035 285.580 48.1177 10.1742 identiﬁcation
384.280 285.580 29.8753 10.1742 depends
417.282 285.580 18.2333 10.1742 upon
438.642 285.580 11.1405 10.1742 the
452.910 285.580 35.2454 10.1742 eﬃciency
491.282 285.580 7.5942 10.1742 of

314.720 296.521 28.0975 10.1742 parsers.
348.971 296.521 11.9063 10.1742 So,
364.551 296.521 16.2094 10.1742 with
384.152 296.521 48.3456 10.1742 improvement
435.880 296.521 18.2333 10.1742 upon
457.504 296.521 11.1405 10.1742 the
472.036 296.521 26.8394 10.1742 parsing

314.720 307.461 28.6172 10.1742 models,
346.300 307.461 20.7677 10.1742 AMR
369.884 307.461 26.3289 10.1742 Graphs
399.039 307.461 20.7586 10.1742 based
422.615 307.461 54.1894 10.1742 summarization
479.631 307.461 19.2452 10.1742 mod-

314.720 318.401 10.1286 10.1742 els
329.188 318.401 12.6539 10.1742 can
346.181 318.401 8.6061 10.1742 be
359.127 318.401 34.6706 10.1742 improved
398.137 318.401 21.0139 10.1742 more.
428.158 318.401 9.1166 10.1742 At
441.614 318.401 28.6080 10.1742 present,
475.072 318.401 23.8036 10.1742 AMR-

314.720 329.341 26.3289 10.1742 Graphs
342.799 329.341 11.1314 10.1742 are
355.690 329.341 16.7108 10.1742 used
374.151 329.341 20.2572 10.1742 along
396.159 329.341 16.2094 10.1742 with
414.118 329.341 11.1405 10.1742 the
427.018 329.341 39.5024 10.1742 NLG-tools
468.271 329.341 7.0928 10.1742 to
477.114 329.341 21.7614 10.1742 create

314.720 340.280 11.1405 10.1742 the
327.975 340.280 16.2094 10.1742 ﬁnal
346.290 340.280 35.6187 10.1742 summary.
384.681 340.280 23.8036 10.1742 Future
410.599 340.280 18.6435 10.1742 work
431.358 340.280 12.6539 10.1742 can
446.118 340.280 26.8394 10.1742 include
475.072 340.280 23.8036 10.1742 identi-

314.720 351.220 19.2452 10.1742 fying
335.888 351.220 54.6817 10.1742 graph-to-graph
392.485 351.220 20.7586 10.1742 based
415.167 351.220 54.1894 10.1742 summarization
471.271 351.220 27.6052 10.1742 system.

305.630 373.393 4.5310 16.5011 •
314.720 372.764 19.7467 10.5115 Need
337.183 372.764 7.5942 10.5115 of
347.494 372.764 23.8127 10.5115 Single
374.023 372.764 34.7071 10.5115 Platform
411.438 372.764 11.4140 10.5115 for
425.569 372.764 40.5235 10.5115 Specifying
468.809 372.764 12.1525 10.5115 the
483.678 372.764 15.1975 10.5115 On-

314.720 383.703 31.9087 10.5115 tologies:
351.524 384.041 21.2600 10.1742 There
376.102 384.041 11.1314 10.1742 are
390.552 384.041 4.0478 10.1742 a
397.919 384.041 27.8514 10.1742 number
429.088 384.041 7.5942 10.1742 of
439.992 384.041 29.2280 10.1742 external
472.538 384.041 26.3380 10.1742 ontolo-

314.720 394.981 14.6869 10.1742 gies
332.579 394.981 32.5009 10.1742 available
368.252 394.981 10.6300 10.1742 for
382.055 394.981 14.4317 10.1742 use.
402.002 394.981 21.2600 10.1742 There
426.435 394.981 6.0808 10.1742 is
435.688 394.981 4.0478 10.1742 a
442.909 394.981 17.2122 10.1742 need
463.294 394.981 10.6300 10.1742 for
477.096 394.981 21.7797 10.1742 single

314.720 405.921 31.3977 10.1742 platform
349.408 405.921 22.2811 10.1742 which
374.971 405.921 12.6539 10.1742 can
390.916 405.921 50.6339 10.1742 accommodate
444.832 405.921 9.1166 10.1742 all
457.240 405.921 11.1405 10.1742 the
471.663 405.921 27.2132 10.1742 explicit

314.720 416.860 37.9891 10.1742 ontologies
356.036 416.860 13.1644 10.1742 and
372.537 416.860 15.1975 10.1742 thus
391.062 416.860 5.0689 10.1742 it
399.459 416.860 14.1855 10.1742 will
416.972 416.860 15.6989 10.1742 help
436.007 416.860 11.1405 10.1742 get
450.476 416.860 11.1405 10.1742 the
464.944 416.860 33.9322 10.1742 extensive

314.720 427.801 39.1287 10.1742 abstractive
356.237 427.801 54.1894 10.1742 summarization
412.815 427.801 25.3261 10.1742 system
440.529 427.801 10.6300 10.1742 for
453.548 427.801 30.7879 10.1742 diﬀerent
486.724 427.801 12.1525 10.1742 do-

314.720 438.741 24.0588 10.1742 mains.
344.294 438.741 25.3169 10.1742 (Xiang
372.793 438.741 6.5822 10.1742 et
382.547 438.741 11.1405 10.1742 al.,
396.861 438.741 21.2691 10.1742 2015)
421.311 438.741 16.8932 10.1742 have
441.377 438.741 16.7108 10.1742 tried
461.270 438.741 7.0928 10.1742 to
471.535 438.741 27.3408 10.1742 address

314.720 449.681 13.1736 10.1742 this
331.850 449.681 18.2333 10.1742 issue
354.031 449.681 9.1166 10.1742 by
367.104 449.681 29.3647 10.1742 creating
400.416 449.681 8.6061 10.1742 an
412.979 449.681 32.4188 10.1742 ontology
449.345 449.681 33.9322 10.1742 matching
487.234 449.681 11.6420 10.1742 ap-

314.720 460.621 24.8064 10.1742 proach
343.081 460.621 21.7706 10.1742 called
368.407 460.621 33.6860 10.1742 ERSOM,
405.658 460.621 22.2811 10.1742 which
431.495 460.621 17.7319 10.1742 ﬁnds
452.782 460.621 11.1405 10.1742 the
467.478 460.621 31.3977 10.1742 semanti-

314.720 471.561 17.7228 10.1742 cally
334.721 471.561 24.8064 10.1742 related
361.807 471.561 26.3380 10.1742 entities
390.424 471.561 30.3767 10.1742 between
423.080 471.561 30.7879 10.1742 diﬀerent
456.147 471.561 40.2682 10.1742 ontologies.

305.630 493.733 4.5310 16.5011 •
314.720 493.104 19.7467 10.5115 Need
340.711 493.104 7.5942 10.5115 of
354.550 493.104 63.6524 10.5115 Cross-Language
424.448 493.104 23.3022 10.5115 Based
453.995 493.104 44.8813 10.5115 Abstractive

314.720 504.044 60.2702 10.5115 Summarization
379.174 504.044 33.9324 10.5115 Systems:
419.744 504.381 56.7147 10.1742 Cross-language
480.643 504.381 18.2333 10.1742 sum-

314.720 515.321 38.9919 10.1742 marization
357.759 515.321 6.0808 10.1742 is
367.888 515.321 7.0928 10.1742 to
379.028 515.321 29.3647 10.1742 produce
412.441 515.321 11.1405 10.1742 the
427.620 515.321 33.9322 10.1742 summary
465.600 515.321 7.5942 10.1742 of
477.242 515.321 4.0478 10.1742 a
485.338 515.321 13.5382 10.1742 text

314.720 526.261 25.8275 10.1742 written
344.075 526.261 7.0928 10.1742 in
354.705 526.261 19.2452 10.1742 some
377.479 526.261 23.7945 10.1742 source
404.810 526.261 32.9111 10.1742 language
441.249 526.261 13.5838 10.1742 like
458.371 526.261 29.8844 10.1742 Sanskrit
491.783 526.261 7.0928 10.1742 in

314.720 537.201 19.2452 10.1742 some
336.472 537.201 18.7347 10.1742 other
357.723 537.201 20.5945 10.1742 target
380.824 537.201 32.9111 10.1742 language
416.243 537.201 13.5838 10.1742 like
432.343 537.201 7.0928 10.1742 in
441.942 537.201 30.1396 10.1742 English.
475.601 537.201 7.5942 10.1742 In
485.702 537.201 13.1736 10.1742 this

314.720 548.142 43.0488 10.1742 information
360.120 548.142 13.4106 10.1742 era,
375.901 548.142 11.6511 10.1742 not
389.905 548.142 9.1166 10.1742 all
401.373 548.142 11.1405 10.1742 the
414.857 548.142 39.5024 10.1742 documents
456.711 548.142 11.1314 10.1742 are
470.195 548.142 7.5942 10.1742 of
480.141 548.142 18.7347 10.1742 same

314.720 559.081 35.1903 10.1742 language.
352.654 559.081 32.8149 10.1742 Diﬀerent
387.511 559.081 39.5024 10.1742 documents
429.056 559.081 11.1314 10.1742 are
442.229 559.081 7.5942 10.1742 of
451.865 559.081 30.7912 10.1742 diﬀerent
484.699 559.081 14.1764 10.1742 lan-

314.720 570.021 27.5961 10.1742 guages.
345.087 570.021 31.3977 10.1742 Creating
378.600 570.021 11.1405 10.1742 the
391.846 570.021 54.6908 10.1742 cross-language
448.643 570.021 33.9322 10.1742 summary
484.690 570.021 14.1855 10.1742 will

314.720 580.961 15.6989 10.1742 help
332.342 580.961 11.1405 10.1742 the
345.397 580.961 37.8888 10.1742 unfamiliar
385.209 580.961 26.3198 10.1742 readers
413.453 580.961 20.0293 10.1742 know
435.397 580.961 11.1405 10.1742 the
448.461 580.961 27.8422 10.1742 essence
478.218 580.961 7.5942 10.1742 of
487.735 580.961 11.1405 10.1742 the

314.720 591.901 38.2352 10.1742 document.
359.136 591.901 19.7558 10.1742 From
382.283 591.901 11.1405 10.1742 the
396.824 591.901 25.7181 10.1742 survey,
426.216 591.901 10.6300 10.1742 we
440.247 591.901 16.8932 10.1742 have
460.531 591.901 21.2691 10.1742 found
485.201 591.901 13.6750 10.1742 that

314.720 602.841 24.8246 10.1742 mostly
342.999 602.841 35.4455 10.1742 extractive
381.900 602.841 54.1894 10.1742 summarization
439.536 602.841 38.9919 10.1742 techniques
481.983 602.841 16.8932 10.1742 have

314.720 613.782 17.2122 10.1742 been
333.801 613.782 16.7108 10.1742 used
352.371 613.782 10.6300 10.1742 for
364.870 613.782 13.1736 10.1742 this
379.913 613.782 14.6869 10.1742 task
396.469 613.782 13.1644 10.1742 and
411.493 613.782 11.6511 10.1742 not
425.013 613.782 20.2572 10.1742 much
447.139 613.782 18.6435 10.1742 work
467.642 613.782 12.1525 10.1742 has
481.664 613.782 17.2122 10.1742 been

314.720 624.722 17.7228 10.1742 done
335.597 624.722 7.0928 10.1742 in
345.853 624.722 29.3647 10.1742 creating
378.372 624.722 39.1287 10.1742 abstractive
420.655 624.722 39.5024 10.1742 summaries
463.321 624.722 10.6300 10.1742 for
477.105 624.722 21.7706 10.1742 cross-

314.720 635.661 32.9111 10.1742 language
350.894 635.661 31.1516 10.1742 systems.
387.844 635.661 15.4710 10.1742 Few
406.579 635.661 7.5942 10.1742 of
417.437 635.661 11.1405 10.1742 the
431.850 635.661 22.1899 10.1742 works
457.304 635.661 9.1166 10.1742 by
469.693 635.661 11.6420 10.1742 (ge
484.599 635.661 14.2767 10.1742 Yao

314.720 646.601 6.5822 10.1742 et
323.462 646.601 11.1405 10.1742 al.,
336.754 646.601 21.2691 10.1742 2015)
360.184 646.601 26.3289 10.1742 (Zhang
388.665 646.601 6.5822 10.1742 et
397.408 646.601 11.1405 10.1742 al.,
410.700 646.601 21.2691 10.1742 2016)
434.129 646.601 16.8932 10.1742 have
453.174 646.601 16.7108 10.1742 used
472.046 646.601 26.8303 10.1742 phrase-

314.720 657.541 20.7586 10.1742 based
340.164 657.541 46.0847 10.1742 compression
390.935 657.541 13.1644 10.1742 and
408.785 657.541 74.2642 10.1742 predicate-arguments
487.735 657.541 11.1405 10.1742 us-

314.720 668.481 11.6511 10.1742 ing
330.054 668.481 30.8872 10.1742 machine
364.624 668.481 38.4905 10.1742 translation
406.807 668.481 27.3408 10.1742 process
437.831 668.481 20.2572 10.1742 along
461.771 668.481 16.2094 10.1742 with
481.664 668.481 17.2122 10.1742 Inte-

314.720 679.422 11.6420 10.1742 ger
328.932 679.422 23.7945 10.1742 Linear
355.307 679.422 50.1416 10.1742 Programming
408.019 679.422 43.6870 10.1742 respectively
454.286 679.422 10.6300 10.1742 for
467.487 679.422 31.3886 10.1742 sentence

314.720 690.362 38.4814 10.1742 generation
357.513 690.362 7.5942 10.1742 of
369.419 690.362 54.6817 10.1742 cross-language
428.422 690.362 41.7816 10.1742 documents.
479.129 690.362 19.7467 10.1742 More

280.988 706.772 9.1166 10.1742 20

210.051 21.8897 72.3402 12.7684 ACCEPTED
285.891 21.8897 90.2327 12.7684 MANUSCRIPT

54.9470 623.773 45.6014 26.4027 A
79.5679 599.382 45.6014 24.3914 C
102.313 574.991 45.6014 24.3914 C
125.058 552.647 45.6014 22.3435 E
145.894 532.315 45.6014 20.3323 P
164.854 509.971 45.6014 22.3435 T
185.689 487.628 45.6014 22.3435 E
206.525 461.225 45.6014 26.4027 D

239.671 419.573 45.6014 32.5097 M

269.987 393.171 45.6014 26.4027 A
294.608 366.768 45.6014 26.4027 N
319.229 340.365 45.6014 26.4027 U
343.850 320.033 45.6014 20.3323 S
362.810 295.642 45.6014 24.3914 C
385.555 271.250 45.6014 24.3914 R
408.300 259.073 45.6014 12.1774 I
419.656 238.741 45.6014 20.3323 P
438.616 216.397 45.6014 22.3435 T

90.4495 132.420 18.6435 10.1742 work
111.490 132.420 6.0808 10.1742 is
119.969 132.420 30.3767 10.1742 required
152.734 132.420 7.0928 10.1742 in
162.224 132.420 13.1736 10.1742 this
177.796 132.420 16.2094 10.1742 ﬁeld
196.403 132.420 7.5942 10.1742 as
206.385 132.420 11.1405 10.1742 the
219.924 132.420 54.6817 10.1742 cross-language

90.4495 143.360 29.8844 10.1742 imposes
123.615 143.360 18.0874 10.1742 extra
144.985 143.360 40.8882 10.1742 complexity
189.164 143.360 7.0928 10.1742 to
199.539 143.360 11.1405 10.1742 the
213.961 143.360 39.1287 10.1742 abstractive
256.372 143.360 18.2333 10.1742 sum-

90.4495 154.300 38.9919 10.1742 marization
132.723 154.300 28.8542 10.1742 because
164.859 154.300 7.5942 10.1742 of
175.735 154.300 11.1405 10.1742 the
190.167 154.300 13.5747 10.1742 fact
207.024 154.300 13.6750 10.1742 that
223.981 154.300 11.6511 10.1742 not
238.914 154.300 16.2094 10.1742 only
258.405 154.300 16.2003 10.1742 con-

90.4495 165.240 32.1544 10.1742 ciseness,
128.010 165.240 60.1516 10.1742 informativeness,
193.567 165.240 13.1644 10.1742 and
211.518 165.240 37.3236 10.1742 coherency
253.628 165.240 6.0808 10.1742 is
264.486 165.240 10.1195 10.1742 re-

90.4495 176.180 23.2930 10.1742 quired
115.994 176.180 11.4687 10.1742 but
129.714 176.180 11.1405 10.1742 the
143.098 176.180 25.3261 10.1742 quality
170.676 176.180 7.5942 10.1742 of
180.522 176.180 38.4905 10.1742 translation
221.264 176.180 6.0808 10.1742 is
229.596 176.180 14.6869 10.1742 also
246.526 176.180 13.1644 10.1742 one
261.942 176.180 12.6630 10.1742 im-

90.4495 187.120 25.8275 10.1742 portant
119.650 187.120 22.7825 10.1742 aspect
145.814 187.120 22.2811 10.1742 which
171.469 187.120 27.3408 10.1742 decides
202.183 187.120 11.1405 10.1742 the
216.696 187.120 25.3261 10.1742 quality
245.405 187.120 7.5942 10.1742 of
256.372 187.120 18.2333 10.1742 sum-

90.4495 198.060 18.7347 10.1742 mary
111.463 198.060 26.3289 10.1742 (Zhang
140.071 198.060 6.5822 10.1742 et
148.932 198.060 11.1405 10.1742 al.,
162.352 198.060 23.5483 10.1742 2016).

81.3608 222.169 4.5310 16.5011 •
90.4495 221.540 19.7467 10.5115 Need
114.070 221.540 7.5942 10.5115 of
125.539 221.540 19.7467 10.5115 Deep
149.160 221.540 35.8284 10.5115 Learning
188.854 221.540 23.3022 10.5115 Based
216.031 221.540 24.8155 10.5115 Query
244.721 221.540 29.8844 10.5115 Speciﬁc

90.4495 232.480 44.8813 10.5115 Abstractive
140.454 232.480 60.2702 10.5115 Summarization
205.848 232.480 34.4336 10.5115 Systems:
248.787 232.817 25.8183 10.1742 Query-

90.4495 243.757 27.8514 10.1742 speciﬁc
121.482 243.757 33.9322 10.1742 problems
158.596 243.757 11.1314 10.1742 are
172.909 243.757 22.2720 10.1742 where
198.354 243.757 11.1405 10.1742 the
212.676 243.757 39.5024 10.1742 summaries
255.360 243.757 19.2452 10.1742 high-

90.4495 254.698 16.7199 10.1742 light
110.889 254.698 22.2902 10.1742 points
136.907 254.698 28.9089 10.1742 relevant
169.536 254.698 7.0928 10.1742 in
180.357 254.698 11.1405 10.1742 the
195.218 254.698 26.7027 10.1742 context
225.640 254.698 7.5942 10.1742 of
236.963 254.698 20.7586 10.1742 query
261.441 254.698 13.1644 10.1742 and

90.4495 265.638 24.8246 10.1742 mostly
118.082 265.638 35.4455 10.1742 extractive
156.335 265.638 38.9919 10.1742 techniques
198.144 265.638 16.8932 10.1742 have
217.845 265.638 17.2122 10.1742 been
237.865 265.638 26.8394 10.1742 applied
267.513 265.638 7.0928 10.1742 to

90.4495 276.577 30.8781 10.1742 generate
124.217 276.577 51.6458 10.1742 query-speciﬁc
178.753 276.577 39.5024 10.1742 summaries
221.136 276.577 11.4687 10.1742 but
235.495 276.577 15.5621 10.1742 they
253.947 276.577 20.6596 10.1742 suﬀer

90.4495 287.517 17.7228 10.1742 from
111.773 287.517 11.1405 10.1742 the
126.514 287.517 36.9498 10.1742 coherence
167.065 287.517 30.3858 10.1742 problem
201.052 287.517 13.1644 10.1742 and
217.818 287.517 13.1736 10.1742 this
234.592 287.517 40.0130 10.1742 probability

90.4495 298.457 7.5942 10.1742 of
100.259 298.457 25.3261 10.1742 getting
127.791 298.457 38.4814 10.1742 incoherent
168.488 298.457 33.9322 10.1742 summary
204.626 298.457 6.0808 10.1742 is
212.922 298.457 16.0635 10.1742 very
231.192 298.457 16.2094 10.1742 high
249.617 298.457 7.0928 10.1742 in
258.916 298.457 15.6898 10.1742 case

90.4495 309.397 7.5942 10.1742 of
100.742 309.397 51.6458 10.1742 query-speciﬁc
155.086 309.397 54.1894 10.1742 summarization
211.983 309.397 30.3858 10.1742 problem
245.067 309.397 7.5942 10.1742 as
255.360 309.397 19.2452 10.1742 with-

90.4495 320.338 11.6511 10.1742 out
105.163 320.338 31.6804 10.1742 knowing
139.907 320.338 26.7027 10.1742 context
169.673 320.338 13.1644 10.1742 and
185.909 320.338 13.1736 10.1742 just
202.146 320.338 40.0039 10.1742 connecting
245.213 320.338 11.1405 10.1742 the
259.417 320.338 15.1883 10.1742 sen-

90.4495 331.278 25.0617 10.1742 tences,
118.364 331.278 5.0689 10.1742 it
126.168 331.278 6.0808 10.1742 is
134.993 331.278 16.2003 10.1742 hard
153.928 331.278 7.0928 10.1742 to
163.765 331.278 26.1921 10.1742 resolve
192.692 331.278 11.1405 10.1742 the
206.577 331.278 45.5468 10.1742 co-reference
254.859 331.278 19.7467 10.1742 prob-

90.4495 342.218 15.9541 10.1742 lem.
110.460 342.218 31.3977 10.1742 (Baumel
144.547 342.218 6.5822 10.1742 et
153.819 342.218 11.1405 10.1742 al.,
167.640 342.218 21.2691 10.1742 2018)
191.598 342.218 16.7108 10.1742 used
210.998 342.218 11.1405 10.1742 the
224.828 342.218 17.2122 10.1742 deep
244.730 342.218 29.8753 10.1742 learning

90.4495 353.157 7.5942 10.1742 as
100.532 353.157 8.6061 10.1742 an
111.618 353.157 33.4125 10.1742 approach
147.519 353.157 7.0928 10.1742 to
157.101 353.157 21.7614 10.1742 create
181.342 353.157 51.6458 10.1742 query-speciﬁc
235.477 353.157 39.1287 10.1742 abstractive

90.4495 364.097 41.7816 10.1742 summaries.
135.376 364.097 24.8064 10.1742 (Nema
162.562 364.097 6.5822 10.1742 et
171.532 364.097 11.1405 10.1742 al.,
185.062 364.097 21.2691 10.1742 2018)
208.710 364.097 21.7706 10.1742 raised
232.869 364.097 11.1405 10.1742 the
246.389 364.097 18.2333 10.1742 issue
267.011 364.097 7.5942 10.1742 of

90.4495 375.037 30.8781 10.1742 repeated
124.472 375.037 27.3408 10.1742 phrases
154.968 375.037 9.1166 10.1742 by
167.229 375.037 19.7558 10.1742 using
190.140 375.037 60.5619 10.1742 encoder-decoder
253.847 375.037 20.7586 10.1742 based

90.4495 385.978 26.3380 10.1742 models
118.574 385.978 20.2572 10.1742 while
140.618 385.978 39.0010 10.1742 attempting
181.415 385.978 7.0928 10.1742 to
190.295 385.978 30.8781 10.1742 generate
222.960 385.978 51.6458 10.1742 query-speciﬁc

90.4495 396.918 39.1287 10.1742 abstractive
133.489 396.918 41.7816 10.1742 summaries.
183.001 396.918 18.7438 10.1742 Most
205.656 396.918 7.5942 10.1742 of
217.170 396.918 11.1405 10.1742 the
232.222 396.918 17.2122 10.1742 deep
253.345 396.918 21.2600 10.1742 learn-

90.4495 407.858 11.6511 10.1742 ing
103.942 407.858 20.7586 10.1742 based
126.533 407.858 39.1287 10.1742 abstractive
167.503 407.858 26.3380 10.1742 models
195.673 407.858 11.1314 10.1742 are
208.646 407.858 26.8394 10.1742 applied
237.318 407.858 10.6300 10.1742 for
249.790 407.858 24.8155 10.1742 single-

90.4495 418.798 35.9561 10.1742 document
129.332 418.798 26.8303 10.1742 generic
159.079 418.798 56.4685 10.1742 summarization.
220.307 418.798 21.2600 10.1742 There
244.484 418.798 11.1314 10.1742 are
258.542 418.798 16.0635 10.1742 very

90.4495 429.737 13.4379 10.1742 few
107.534 429.737 22.1899 10.1742 works
133.361 429.737 22.2811 10.1742 which
159.289 429.737 11.1314 10.1742 are
174.058 429.737 32.5009 10.1742 available
210.205 429.737 9.1166 10.1742 on
222.960 429.737 51.6458 10.1742 query-speciﬁc

90.4495 440.678 58.2463 10.1742 multi-document
153.017 440.678 56.4685 10.1742 summarization.
218.447 440.678 19.7467 10.1742 More
242.524 440.678 18.6435 10.1742 work
265.489 440.678 9.1166 10.1742 on

90.4495 451.618 40.0130 10.1742 identifying
133.616 451.618 11.1405 10.1742 the
147.920 451.618 41.0067 10.1742 approaches
192.081 451.618 7.0928 10.1742 to
202.329 451.618 15.1883 10.1742 deal
220.671 451.618 16.2094 10.1742 with
240.044 451.618 13.1736 10.1742 this
256.372 451.618 18.2333 10.1742 sum-

90.4495 462.558 38.9919 10.1742 marization
131.720 462.558 6.0808 10.1742 is
140.080 462.558 32.6558 10.1742 required.

72.2164 509.114 6.8375 10.5115 6.
83.6122 509.114 43.5685 10.5115 Conclusion

81.3334 548.141 41.6631 10.1742 Abstractive
126.068 548.141 54.1894 10.1742 summarization
183.321 548.141 6.0808 10.1742 is
192.474 548.141 8.6061 10.1742 an
204.152 548.141 38.4905 10.1742 interesting
245.706 548.141 18.2333 10.1742 topic
267.012 548.141 7.5942 10.1742 of

72.2164 559.081 30.3676 10.1742 research
104.799 559.081 24.8155 10.1742 among
131.839 559.081 11.1405 10.1742 the
145.195 559.081 17.2213 10.1742 NLP
164.640 559.081 41.5355 10.1742 community
208.391 559.081 13.1644 10.1742 and
223.780 559.081 19.2452 10.1742 helps
245.241 559.081 29.3647 10.1742 produce

72.2164 570.021 33.6678 10.1742 coherent,
109.102 570.021 29.6200 10.1742 concise,
141.949 570.021 53.1683 10.1742 non-redundant
198.153 570.021 13.1644 10.1742 and
214.344 570.021 43.0488 10.1742 information
260.429 570.021 14.1764 10.1742 rich

72.2164 580.961 41.7816 10.1742 summaries.
118.866 580.961 14.1764 10.1742 The
135.996 580.961 15.1883 10.1742 idea
154.147 580.961 7.5942 10.1742 of
164.704 580.961 11.1405 10.1742 the
178.799 580.961 20.2481 10.1742 paper
202.010 580.961 6.0808 10.1742 is
211.044 580.961 7.0928 10.1742 to
221.100 580.961 26.3289 10.1742 present
250.383 580.961 11.1405 10.1742 the
264.486 580.961 10.1195 10.1742 re-

72.2164 591.901 15.1883 10.1742 cent
91.0969 591.901 25.3261 10.1742 studies
120.115 591.901 13.1644 10.1742 and
136.971 591.901 38.4814 10.1742 progresses
179.145 591.901 17.7228 10.1742 done
200.569 591.901 7.0928 10.1742 in
211.354 591.901 13.1736 10.1742 this
228.220 591.901 16.2094 10.1742 ﬁeld
248.122 591.901 7.0928 10.1742 to
258.907 591.901 15.6989 10.1742 help

72.2164 602.841 40.9976 10.1742 researchers
116.960 602.841 11.1405 10.1742 get
131.848 602.841 28.7721 10.1742 familiar
164.367 602.841 20.2572 10.1742 about
188.371 602.841 11.1405 10.1742 the
203.259 602.841 38.9919 10.1742 techniques
245.997 602.841 28.6080 10.1742 present,

72.2164 613.781 38.4814 10.1742 challenges
113.359 613.781 28.7357 10.1742 existing
144.766 613.781 13.1644 10.1742 and
160.593 613.781 29.3738 10.1742 pointers
192.638 613.781 10.6300 10.1742 for
205.930 613.781 21.7706 10.1742 future
230.362 613.781 18.6435 10.1742 work
251.677 613.781 7.0928 10.1742 in
261.432 613.781 13.1736 10.1742 this

72.2164 624.721 17.4584 10.1742 area.
92.3641 624.721 22.7916 10.1742 Along
117.024 624.721 16.2094 10.1742 with
135.093 624.721 18.7347 10.1742 these
155.697 624.721 10.6300 10.1742 we
168.196 624.721 16.8932 10.1742 have
186.958 624.721 14.6869 10.1742 also
203.514 624.721 38.4905 10.1742 mentioned
243.864 624.721 11.1405 10.1742 the
256.874 624.721 17.7319 10.1742 tools

72.2164 635.661 22.2811 10.1742 which
97.7156 635.661 16.8932 10.1742 have
117.826 635.661 17.2122 10.1742 been
138.248 635.661 16.7108 10.1742 used
158.177 635.661 7.0928 10.1742 in
168.488 635.661 26.6115 10.1742 various
198.317 635.661 37.9617 10.1742 researches
239.488 635.661 24.8064 10.1742 related
267.513 635.661 7.0928 10.1742 to

72.2164 646.601 39.1287 10.1742 abstractive
113.970 646.601 56.4685 10.1742 summarization.
174.286 646.601 39.2745 10.1742 Evaluation
216.186 646.601 7.5942 10.1742 of
226.397 646.601 39.5024 10.1742 summaries
268.525 646.601 6.0808 10.1742 is

72.2164 657.541 4.0478 10.1742 a
78.4795 657.541 11.6511 10.1742 big
92.3550 657.541 34.9350 10.1742 challenge
129.505 657.541 7.0928 10.1742 in
138.822 657.541 13.1736 10.1742 this
154.211 657.541 18.4886 10.1742 ﬁeld.
175.508 657.541 33.9322 10.1742 Semantic
211.664 657.541 31.6530 10.1742 analysis,
245.551 657.541 13.1644 10.1742 and
260.931 657.541 13.6750 10.1742 dis-

72.2164 668.481 23.7945 10.1742 course
98.5726 668.481 29.3738 10.1742 analysis
130.517 668.481 20.2572 10.1742 along
153.336 668.481 16.2094 10.1742 with
172.107 668.481 11.1405 10.1742 the
185.809 668.481 14.9604 10.1742 new
203.341 668.481 34.2695 10.1742 emerging
240.172 668.481 34.4336 10.1742 technolo-

72.2164 679.421 14.6869 10.1742 gies
89.3374 679.421 13.5838 10.1742 like
105.364 679.421 22.7825 10.1742 neural
130.581 679.421 33.3305 10.1742 networks
166.345 679.421 15.6989 10.1742 help
184.478 679.421 35.6734 10.1742 overcome
222.595 679.421 11.1405 10.1742 the
236.170 679.421 38.4364 10.1742 diﬃculties

72.2164 690.361 37.4694 10.1742 associated
111.964 690.361 16.2094 10.1742 with
130.453 690.361 11.1405 10.1742 the
143.873 690.361 39.1287 10.1742 abstractive
185.281 690.361 56.4685 10.1742 summarization.

296.486 132.083 42.3559 10.5115 References

296.486 157.119 42.3559 10.5115 References

296.486 181.008 27.7511 8.1394 Alshaina,
326.951 181.008 7.7018 8.1394 S.,
337.358 181.008 15.6004 8.1394 John,
355.672 181.008 8.9125 8.1394 A.,
367.297 181.008 5.6742 8.1394 &
375.502 181.008 16.0016 8.1394 Nath,
394.217 181.008 7.0891 8.1394 A.
403.837 181.008 7.0891 8.1394 G.
413.457 181.008 21.2674 8.1394 (2017).
439.625 181.008 47.4067 8.1394 Multi-document
489.563 181.008 9.3136 8.1394 ab-

305.603 189.669 24.4181 8.1394 stractive
331.896 189.669 43.3516 8.1394 summarization
377.122 189.669 16.6069 8.1394 based
395.603 189.669 7.2933 8.1394 on
404.771 189.669 26.7301 8.1394 predicate
433.375 189.669 27.4157 8.1394 argument
462.665 189.669 27.3427 8.1394 structure.
492.802 189.669 6.0753 8.1394 In

305.603 198.440 38.4942 8.0227 International
345.753 198.440 33.3524 8.0227 Conference
380.761 198.440 7.2933 8.0227 on
389.710 198.440 18.6418 8.0227 Signal
410.008 198.440 33.8338 8.0227 Processing,
445.526 198.440 35.4529 8.0227 Informatics,
482.671 198.440 16.2058 8.0227 Com-

305.603 207.100 32.8200 8.0227 munication
340.247 207.100 10.9400 8.0227 and
353.010 207.100 20.7933 8.0227 Energy
375.627 207.100 23.0907 8.0227 Systems
400.541 207.100 28.3565 8.0227 (SPICES)
430.721 206.991 11.5454 8.1394 (pp.
444.089 206.991 22.4854 8.1394 32–37).

296.486 215.652 27.7439 8.1394 Banerjee,
326.360 215.652 7.7018 8.1394 S.,
336.191 215.652 18.0291 8.1394 Mitra,
356.350 215.652 6.8922 8.1394 P.,
365.379 215.652 5.6742 8.1394 &
373.118 215.652 30.9967 8.1394 Sugiyama,
406.251 215.652 7.0891 8.1394 K.
415.404 215.652 21.2674 8.1394 (2017).
440.085 215.652 47.4067 8.1394 Multi-document
489.563 215.652 9.3136 8.1394 ab-

305.603 224.313 24.4181 8.1394 stractive
332.574 224.313 43.3516 8.1394 summarization
378.478 224.313 15.8047 8.1394 using
396.828 224.313 7.7018 8.1394 ilp
407.083 224.313 16.6069 8.1394 based
426.243 224.313 42.9432 8.1394 multi-sentence
471.738 224.313 27.1385 8.1394 compres-

305.603 232.974 13.9813 8.1394 sion.
324.085 232.974 6.0753 8.1394 In
332.566 233.083 27.1385 8.0227 IJCAI’15
362.111 233.083 36.1312 8.0227 Proceedings
400.649 233.083 5.6742 8.0227 of
408.737 233.083 8.9125 8.0227 the
420.056 233.083 12.9676 8.0227 24th
435.431 233.083 38.4942 8.0227 International
476.332 233.083 22.5437 8.0227 Confer-

305.603 241.744 13.3614 8.0227 ence
320.788 241.744 7.2933 8.0227 on
329.905 241.744 25.9351 8.0227 Artiﬁcial
357.663 241.744 34.3589 8.0227 Intelligence
393.845 241.634 11.5454 8.1394 (pp.
407.214 241.634 37.0720 8.1394 1208–1214).

296.486 250.296 22.4854 8.1394 Baralis,
321.736 250.296 8.1029 8.1394 E.,
332.596 250.296 26.9416 8.1394 Cagliero,
362.301 250.296 8.1029 8.1394 L.,
373.161 250.296 24.9067 8.1394 Jabeena,
400.832 250.296 7.7018 8.1394 S.,
411.298 250.296 16.0089 8.1394 Fiori,
430.064 250.296 8.9125 8.1394 A.,
441.741 250.296 5.6742 8.1394 &
449.989 250.296 16.4100 8.1394 Shah,
469.156 250.296 5.8784 8.1394 S.
477.609 250.296 21.2674 8.1394 (2013).

305.603 258.956 47.4067 8.1394 Multi-document
355.329 258.956 43.3516 8.1394 summarization
401.000 258.956 16.6069 8.1394 based
419.919 258.956 7.2933 8.1394 on
429.532 258.956 8.9125 8.1394 the
440.764 258.956 14.1782 8.1394 yago
457.261 258.956 27.2844 8.1394 ontology.
488.754 259.065 10.1232 8.0227 Ex-

305.603 267.727 11.7496 8.0227 pert
319.176 267.727 23.0907 8.0227 Systems
344.090 267.727 12.5664 8.0227 with
358.480 267.727 38.6984 8.0227 Applications,
399.002 267.727 9.1166 8.0227 40,
409.942 267.617 34.6434 8.1394 6976–6984.

296.486 276.278 28.0793 8.1394 Bartakke,
326.316 276.278 8.9125 8.1394 D.,
336.979 276.278 28.8889 8.1394 Sawarkar,
367.618 276.278 7.0891 8.1394 D.
376.436 276.278 7.7018 8.1394 S.,
385.888 276.278 5.6742 8.1394 &
393.291 276.278 20.0567 8.1394 Gulati,
415.098 276.278 7.0891 8.1394 A.
423.923 276.278 21.2674 8.1394 (2016).
447.612 276.278 5.2658 8.1394 A
454.613 276.278 25.9278 8.1394 semantic
482.270 276.278 16.6069 8.1394 based

305.603 284.939 26.7301 8.1394 approach
334.631 284.939 8.5040 8.1394 for
345.432 284.939 31.3030 8.1394 abstractive
379.033 284.939 46.5971 8.1394 multi-document
427.927 284.939 10.8306 8.1394 text
441.055 284.939 45.1749 8.1394 summarization.
490.372 285.048 8.5040 8.0227 In-

305.603 293.709 32.4189 8.0227 ternational
339.722 293.709 22.5072 8.0227 Journal
363.936 293.709 5.6742 8.0227 of
371.309 293.709 30.7122 8.0227 Innovative
403.721 293.709 26.7593 8.0227 Research
432.187 293.709 5.6742 8.0227 in
439.560 293.709 28.7649 8.0227 Ccmputer
470.032 293.709 10.9400 8.0227 and
482.671 293.709 16.2058 8.0227 Com-

305.603 302.370 32.8200 8.0227 munication
340.247 302.370 37.8815 8.0227 Engineering,
379.952 302.370 5.4700 8.0227 4,
387.245 302.261 41.9367 8.1394 13620–13628.

296.486 310.921 26.0591 8.1394 Barzilay,
324.310 310.921 8.5113 8.1394 R.,
334.580 310.921 5.6742 8.1394 &
342.004 310.921 12.7560 8.1394 Lee,
356.518 310.921 6.2796 8.1394 L.
364.548 310.921 24.5056 8.1394 (2003a).
391.511 310.921 26.3289 8.1394 Learning
419.583 310.921 5.6742 8.1394 to
427.008 310.921 33.6150 8.1394 paraphrase:
462.847 310.921 8.9125 8.1394 An
473.503 310.921 25.3735 8.1394 unsuper-

305.603 319.582 15.3962 8.1394 vised
322.393 319.582 26.7301 8.1394 approach
350.516 319.582 15.8047 8.1394 using
367.713 319.582 53.4747 8.1394 multiple-sequence
422.581 319.582 30.9967 8.1394 alignment.
455.277 319.582 6.0753 8.1394 In
462.746 319.692 36.1312 8.0227 Proceedings

305.603 328.352 5.6742 8.0227 of
313.101 328.352 37.4002 8.0227 HLT-NAACL
352.325 328.352 14.5867 8.0227 2003
368.734 328.243 11.5454 8.1394 (pp.
382.103 328.243 22.4854 8.1394 16–23).

296.486 336.904 26.0591 8.1394 Barzilay,
324.274 336.904 8.5113 8.1394 R.,
334.514 336.904 5.6742 8.1394 &
341.895 336.904 12.7560 8.1394 Lee,
356.379 336.904 6.2796 8.1394 L.
364.366 336.904 24.9140 8.1394 (2003b).
391.650 336.904 26.3289 8.1394 Learning
419.685 336.904 5.6742 8.1394 to
427.066 336.904 33.6150 8.1394 paraphrase:
462.884 336.904 8.9125 8.1394 An
473.503 336.904 25.3735 8.1394 unsuper-

305.603 345.564 15.3962 8.1394 vised
322.393 345.564 26.7301 8.1394 approach
350.516 345.564 15.8047 8.1394 using
367.713 345.564 53.4747 8.1394 multiple-sequence
422.581 345.564 30.9967 8.1394 alignment.
455.277 345.564 6.0753 8.1394 In
462.746 345.674 36.1312 8.0227 Proceedings

305.603 354.335 5.6742 8.0227 of
313.101 354.335 33.3451 8.0227 HLT-NAAC
348.430 354.226 11.5454 8.1394 (pp.
361.798 354.226 22.4854 8.1394 16–23).

296.486 362.886 26.0591 8.1394 Barzilay,
325.237 362.886 8.5113 8.1394 R.,
336.439 362.886 5.6742 8.1394 &
344.630 362.886 32.2438 8.1394 McKeown,
379.565 362.886 7.0891 8.1394 K.
389.170 362.886 6.6880 8.1394 R.
398.374 362.886 21.2674 8.1394 (2005).
424.484 362.886 26.3289 8.1394 Sentence
453.330 362.886 18.2333 8.1394 fusion
474.079 362.886 8.5040 8.1394 for
485.099 362.886 13.7771 8.1394 mul-

305.603 371.547 32.8200 8.1394 tidocument
340.757 371.547 14.8055 8.1394 news
357.904 371.547 45.1749 8.1394 summarization.
407.348 371.657 43.7673 8.0227 Computational
453.457 371.657 33.8377 8.0227 Linguistics,
489.760 371.657 9.1166 8.0227 31,

305.603 380.208 27.3500 8.1394 297–327.

296.486 388.869 24.5129 8.1394 Baumel,
324.194 388.869 7.5632 8.1394 T.,
334.951 388.869 15.1920 8.1394 Eyal,
353.338 388.869 10.1304 8.1394 M.,
366.663 388.869 5.6742 8.1394 &
375.262 388.869 25.7236 8.1394 Elhadad,
404.180 388.869 8.3071 8.1394 M.
415.404 388.869 21.2674 8.1394 (2018).
442.813 388.869 18.2260 8.1394 Query
463.963 388.869 22.6823 8.1394 focused
489.563 388.869 9.3136 8.1394 ab-

305.603 397.529 24.4181 8.1394 stractive
333.508 397.529 45.3791 8.1394 summarization:
384.466 397.529 39.6976 8.1394 Incorporating
427.650 397.529 16.6069 8.1394 query
447.743 397.529 29.3994 8.1394 relevance,
481.045 397.529 17.8322 8.1394 multi-

305.603 406.191 28.7649 8.1394 document
336.447 406.191 27.9262 8.1394 coverage,
366.517 406.191 10.5316 8.1394 and
379.135 406.191 27.1458 8.1394 summary
408.359 406.191 18.2333 8.1394 length
428.671 406.191 31.6020 8.1394 constraints
462.359 406.191 11.3484 8.1394 into
475.786 406.191 23.0907 8.1394 seq2seq

305.603 414.851 22.8938 8.1394 models.
331.122 414.960 22.2884 8.0227 Cornell
355.234 414.960 30.3111 8.0227 University
387.369 414.960 27.5397 8.0227 Libraray,
416.732 414.851 11.5454 8.1394 (pp.
430.100 414.851 29.7787 8.1394 297–327).

296.486 423.512 26.5769 8.1394 Belkebir,
325.930 423.512 8.5113 8.1394 R.,
337.300 423.512 5.6742 8.1394 &
345.629 423.512 32.6158 8.1394 Guessoum,
381.111 423.512 7.0891 8.1394 A.
390.855 423.512 21.2674 8.1394 (2016).
417.410 423.512 24.3087 8.1394 Concept
444.373 423.512 41.3168 8.1394 generalization
488.345 423.512 10.5316 8.1394 and

305.603 432.173 18.2333 8.1394 fusion
325.456 432.173 8.5040 8.1394 for
335.579 432.173 31.3030 8.1394 abstractive
368.501 432.173 25.1110 8.1394 sentence
395.224 432.173 32.6085 8.1394 generation.
430.016 432.282 19.4440 8.0227 Expert
451.079 432.282 23.0907 8.0227 Systems
475.789 432.282 10.9400 8.0227 and
488.348 432.282 10.5316 8.0227 Ap-

305.603 440.943 30.5955 8.0227 plications,
338.022 440.943 9.1166 8.0227 53,
348.962 440.834 20.0567 8.1394 43–56.

296.486 449.494 29.2755 8.1394 Bhargava,
328.176 449.494 8.5113 8.1394 R.,
339.109 449.494 24.1045 8.1394 Sharma,
365.627 449.494 7.9716 8.1394 Y.,
376.020 449.494 5.6742 8.1394 &
383.992 449.494 24.1045 8.1394 Sharma,
410.510 449.494 7.0891 8.1394 G.
419.897 449.494 21.2674 8.1394 (2016).
445.314 449.494 17.0226 8.1394 Atssi:
465.546 449.494 33.3306 8.1394 Abstractive

305.603 458.156 10.8306 8.1394 text
318.724 458.156 43.3516 8.1394 summarization
364.366 458.156 15.8047 8.1394 using
382.461 458.156 28.3638 8.1394 sentiment
413.115 458.156 25.7309 8.1394 infusion.
442.973 458.156 6.0753 8.1394 In
451.337 458.265 21.3476 8.0227 Twelfth
474.975 458.265 23.9003 8.0227 Interna-

305.603 466.926 17.0226 8.0227 tional
324.143 466.926 51.5858 8.0227 Multi-Conference
377.253 466.926 7.2933 8.0227 on
386.064 466.926 34.8476 8.0227 Information
422.428 466.926 32.0834 8.0227 Processing
456.034 466.816 11.5454 8.1394 (pp.
469.096 466.816 29.7787 8.1394 404–411).

296.486 475.477 26.9416 8.1394 Bhartiya,
325.295 475.477 8.9125 8.1394 D.,
336.075 475.477 5.6742 8.1394 &
343.601 475.477 18.8460 8.1394 Singh,
364.314 475.477 7.0891 8.1394 A.
373.263 475.477 6.6807 8.1394 ().
382.672 475.477 5.2658 8.1394 A
389.797 475.477 25.9278 8.1394 semantic
417.585 475.477 26.7301 8.1394 approach
446.168 475.477 5.6742 8.1394 to
453.702 475.477 45.1749 8.1394 summarization,

305.603 484.138 1.8233 8.1394 .

296.486 492.799 17.3290 8.1394 Bizer,
315.522 492.799 8.5113 8.1394 C.,
325.733 492.799 29.3703 8.1394 Lehmann,
356.810 492.799 6.4838 8.1394 J.,
365.000 492.799 30.5591 8.1394 Kobilarov,
397.266 492.799 8.9125 8.1394 G.,
407.878 492.799 16.1110 8.1394 Auer,
425.695 492.799 7.7018 8.1394 S.,
435.104 492.799 22.1134 8.1394 Becker,
458.916 492.799 8.5113 8.1394 C.,
469.134 492.799 29.7422 8.1394 Cyganiak,

305.603 501.460 8.5113 8.1394 R.,
315.690 501.460 5.6742 8.1394 &
322.881 501.460 30.5883 8.1394 Hellmann,
355.045 501.460 5.8784 8.1394 S.
362.440 501.460 21.2674 8.1394 (2009).
385.670 501.460 24.7098 8.1394 Dbpedia
411.897 501.460 2.4287 8.1394 -
415.842 501.460 3.2382 8.1394 a
420.590 501.460 41.3240 8.1394 crystallization
463.431 501.460 14.9951 8.1394 point
479.943 501.460 8.5040 8.1394 for
489.964 501.460 8.9125 8.1394 the

305.603 510.121 12.1507 8.1394 web
319.577 510.121 6.0753 8.1394 of
327.476 510.121 13.9740 8.1394 data.
344.076 510.230 22.5072 8.0227 Journal
368.406 510.230 5.6742 8.0227 of
375.904 510.230 12.2893 8.0227 Web
390.016 510.230 29.5745 8.0227 Semantics
421.414 510.230 13.7844 8.0227 First
437.022 510.230 16.5343 8.0227 Look,
455.379 510.121 11.5454 8.1394 (pp.
468.748 510.121 29.7787 8.1394 154–165).

296.486 518.781 16.8184 8.1394 Buys,
315.398 518.781 6.4838 8.1394 J.,
323.975 518.781 5.6742 8.1394 &
331.691 518.781 28.1669 8.1394 Blunsom,
361.951 518.781 5.0689 8.1394 P.
369.062 518.781 21.2674 8.1394 (2017).
393.648 518.781 20.5235 8.1394 Robust
416.214 518.781 34.4318 8.1394 incremental
452.681 518.781 18.2260 8.1394 neural
472.949 518.781 25.9278 8.1394 semantic

305.603 527.443 16.6069 8.1394 graph
324.034 527.443 23.2949 8.1394 parsing.
349.954 527.552 32.0178 8.0227 CORNELL
383.795 527.552 40.1134 8.0227 UNIVERSITY
425.732 527.552 30.6172 8.0227 LIBRARY,
458.173 527.552 9.1166 8.0227 40.

296.486 536.103 26.9416 8.1394 Carenini,
325.266 536.103 8.9125 8.1394 G.,
336.009 536.103 5.6742 8.1394 &
343.514 536.103 24.5129 8.1394 Cheung,
369.865 536.103 4.6604 8.1394 J.
376.356 536.103 6.6880 8.1394 C.
384.874 536.103 7.0891 8.1394 K.
393.794 536.103 21.2674 8.1394 (2008).
417.716 536.103 29.6839 8.1394 Extractive
449.238 536.103 8.3071 8.1394 vs.
459.376 536.103 28.3565 8.1394 nlg-based
489.563 536.103 9.3136 8.1394 ab-

305.603 544.764 24.4181 8.1394 stractive
331.480 544.764 43.3516 8.1394 summarization
376.290 544.764 6.0753 8.1394 of
383.824 544.764 29.3192 8.1394 evaluative
414.602 544.764 12.8582 8.1394 text:
429.532 544.764 8.9125 8.1394 the
439.903 544.764 16.1208 8.1394 eﬀect
457.482 544.764 6.0753 8.1394 of
465.016 544.764 19.4440 8.1394 corpus
485.919 544.764 12.9603 8.1394 con-

305.603 553.425 36.3792 8.1394 troversiality.
346.497 553.425 6.0753 8.1394 In
354.988 553.534 16.6142 8.0227 INLG
374.016 553.534 9.7220 8.0227 ’08
386.152 553.534 36.1312 8.0227 Proceedings
424.698 553.534 5.6742 8.0227 of
432.786 553.534 8.9125 8.0227 the
444.113 553.534 13.8573 8.0227 Fifth
460.384 553.534 38.4942 8.0227 International

305.603 562.195 22.5875 8.0227 Natural
330.014 562.195 29.0275 8.0227 Language
360.865 562.195 33.1118 8.0227 Generation
395.800 562.195 33.3524 8.0227 Conference
430.976 562.086 11.5454 8.1394 (pp.
444.345 562.086 22.4854 8.1394 33–41).
469.456 562.086 21.7341 8.1394 volume
493.013 562.086 5.4700 8.1394 1.

296.486 570.746 26.9416 8.1394 Carenini,
326.017 570.746 8.9125 8.1394 G.,
337.519 570.746 10.7358 8.1394 Ng,
350.844 570.746 8.5113 8.1394 R.,
361.944 570.746 5.6742 8.1394 &
370.054 570.746 17.5186 8.1394 Pauls,
390.162 570.746 7.0891 8.1394 A.
399.680 570.746 21.2674 8.1394 (2006).
425.535 570.746 47.4067 8.1394 Multi-document
475.377 570.746 23.4991 8.1394 summa-

305.603 579.408 22.2811 8.1394 rization
329.708 579.408 6.0753 8.1394 of
337.607 579.408 29.3192 8.1394 evaluative
368.749 579.408 12.6539 8.1394 text.
384.028 579.517 12.9676 8.0227 11th
398.819 579.517 17.6134 8.0227 EACL
418.256 579.517 16.5639 8.0227 2006,
436.643 579.517 9.1166 8.0227 61,
447.583 579.408 27.3500 8.1394 305–312.

296.486 588.068 26.9416 8.1394 Carenini,
325.259 588.068 8.9125 8.1394 G.,
336.002 588.068 10.7358 8.1394 Ng,
348.561 588.068 6.6880 8.1394 R.
357.079 588.068 7.5632 8.1394 T.,
366.473 588.068 5.6742 8.1394 &
373.971 588.068 17.5186 8.1394 Pauls,
393.320 588.068 7.0891 8.1394 A.
402.240 588.068 21.2674 8.1394 (2012).
426.140 588.068 47.4067 8.1394 Multi-document
475.377 588.068 23.4991 8.1394 summa-

305.603 596.729 22.2811 8.1394 rization
329.708 596.729 6.0753 8.1394 of
337.607 596.729 29.3192 8.1394 evaluative
368.749 596.729 12.6539 8.1394 text,
383.226 596.729 1.8233 8.1394 .
387.675 596.839 5.4709 8.0227 0.

296.486 605.390 17.2196 8.1394 Chen,
316.565 605.390 17.0883 8.1394 Y.-C.,
336.512 605.390 5.6742 8.1394 &
344.834 605.390 21.6758 8.1394 Bansal,
369.369 605.390 8.3071 8.1394 M.
380.331 605.390 21.2674 8.1394 (2018).
406.871 605.390 12.0486 8.1394 Fast
421.574 605.390 31.3030 8.1394 abstractive
455.525 605.390 43.3516 8.1394 summarization

305.603 614.051 12.9676 8.1394 with
320.394 614.051 52.2422 8.1394 reinforce-selected
374.460 614.051 25.1110 8.1394 sentence
401.394 614.051 28.3784 8.1394 rewriting.
432.398 614.051 6.0753 8.1394 In
440.297 614.160 15.0024 8.0227 ACL.

296.486 622.711 38.2827 8.1394 Chengcheng,
338.460 622.711 6.2796 8.1394 L.
348.058 622.711 21.2674 8.1394 (2010).
376.735 622.711 30.7925 8.1394 Automatic
410.839 622.711 10.8306 8.1394 text
424.988 622.711 43.3516 8.1394 summarization
471.658 622.711 16.6069 8.1394 based
491.583 622.711 7.2933 8.1394 on

305.603 631.373 27.9481 8.1394 rhetorical
335.900 631.373 25.5194 8.1394 structure
363.768 631.373 19.9837 8.1394 theory.
388.062 631.373 6.0753 8.1394 In
396.484 631.482 38.4942 8.0227 International
437.327 631.482 33.3524 8.0227 Conference
473.028 631.482 7.2933 8.0227 on
482.670 631.482 16.2058 8.0227 Com-

305.603 640.142 15.3962 8.0227 puter
322.823 640.142 34.0380 8.0227 Application
358.684 640.142 10.9400 8.0227 and
371.448 640.142 20.2536 8.0227 System
393.525 640.142 27.9554 8.0227 Modeling
423.304 640.033 11.5454 8.1394 (pp.
436.672 640.033 29.7787 8.1394 595–598).

296.486 648.694 23.2949 8.1394 Chopra,
322.516 648.694 7.7018 8.1394 S.,
332.960 648.694 14.7909 8.1394 Auli,
350.486 648.694 10.1304 8.1394 M.,
363.359 648.694 5.6742 8.1394 &
371.586 648.694 16.8184 8.1394 Rush,
391.139 648.694 7.0891 8.1394 A.
400.781 648.694 8.3071 8.1394 M.
411.648 648.694 21.2674 8.1394 (2016).
437.882 648.694 33.3306 8.1394 Abstractive
473.766 648.694 25.1110 8.1394 sentence

305.603 657.355 43.3516 8.1394 summarization
350.399 657.355 12.9676 8.1394 with
364.811 657.355 24.8265 8.1394 attentive
391.081 657.355 26.3217 8.1394 recurrent
418.847 657.355 18.2260 8.1394 neural
438.517 657.355 28.4878 8.1394 networks.
468.814 657.355 6.0753 8.1394 In
476.333 657.464 22.5437 8.0227 Confer-

305.603 666.125 15.7901 8.0227 ence:
324.056 666.125 36.1312 8.0227 Proceedings
362.214 666.125 5.6742 8.0227 of
369.909 666.125 8.9125 8.0227 the
380.849 666.125 14.5867 8.0227 2016
397.463 666.125 33.3524 8.0227 Conference
432.836 666.125 5.6742 8.0227 of
440.537 666.125 8.9125 8.0227 the
451.470 666.125 17.0226 8.0227 North
470.520 666.125 28.3565 8.0227 American

305.603 674.786 23.9076 8.0227 Chapter
331.232 674.786 5.6742 8.0227 of
338.628 674.786 8.9125 8.0227 the
349.261 674.786 34.0380 8.0227 Association
385.028 674.786 8.5113 8.0227 for
395.260 674.786 43.7673 8.0227 Computational
440.749 674.786 34.4464 8.0227 Linguistics:
477.405 674.786 21.4716 8.0227 Human

305.603 683.447 29.0275 8.0227 Language
336.454 683.447 39.8658 8.0227 Technologies.

296.486 691.998 21.1944 8.1394 Clarke,
319.811 691.998 6.4838 8.1394 J.,
328.424 691.998 5.6742 8.1394 &
336.169 691.998 21.6685 8.1394 Lapata,
359.968 691.998 8.3071 8.1394 M.
370.339 691.998 21.2674 8.1394 (2008).
395.019 691.998 19.8525 8.1394 Global
416.936 691.998 27.1312 8.1394 inference
446.138 691.998 8.5040 8.1394 for
456.706 691.998 25.1110 8.1394 sentence
483.889 691.998 14.9878 8.1394 com-

280.988 706.771 9.1166 10.1742 21

210.051 21.8897 72.3402 12.7684 ACCEPTED
285.891 21.8897 90.2327 12.7684 MANUSCRIPT

54.9470 623.773 45.6014 26.4027 A
79.5679 599.382 45.6014 24.3914 C
102.313 574.991 45.6014 24.3914 C
125.058 552.647 45.6014 22.3435 E
145.894 532.315 45.6014 20.3323 P
164.854 509.971 45.6014 22.3435 T
185.689 487.628 45.6014 22.3435 E
206.525 461.225 45.6014 26.4027 D

239.671 419.573 45.6014 32.5097 M

269.987 393.171 45.6014 26.4027 A
294.608 366.768 45.6014 26.4027 N
319.229 340.365 45.6014 26.4027 U
343.850 320.033 45.6014 20.3323 S
362.810 295.642 45.6014 24.3914 C
385.555 271.250 45.6014 24.3914 R
408.300 259.073 45.6014 12.1774 I
419.656 238.741 45.6014 20.3323 P
438.616 216.397 45.6014 22.3435 T

81.3334 134.057 26.3362 8.1394 pression:
112.052 134.057 8.9125 8.1394 An
123.853 134.057 20.1442 8.1394 integer
146.878 134.057 16.6069 8.1394 linear
166.373 134.057 39.7049 8.1394 programming
208.959 134.057 28.5534 8.1394 approach.
243.539 134.167 22.5072 8.0227 Journal
268.935 134.167 5.6742 8.0227 of

81.3334 142.827 25.9351 8.0227 Artiﬁcial
109.091 142.827 34.3589 8.0227 Intelligence
145.274 142.827 28.5824 8.0227 Research,
175.679 142.827 9.1166 8.0227 31,
186.619 142.718 27.3500 8.1394 399–421.

72.2164 151.379 20.8662 8.1394 Cohan,
95.0956 151.379 8.9125 8.1394 A.,
106.013 151.379 38.6839 8.1394 Dernoncourt,
146.710 151.379 7.1183 8.1394 F.,
155.834 151.379 14.7909 8.1394 Kim,
172.638 151.379 7.0891 8.1394 D.
181.696 151.379 7.7018 8.1394 S.,
191.411 151.379 12.3622 8.1394 Bui,
205.786 151.379 7.5632 8.1394 T.,
215.355 151.379 14.7909 8.1394 Kim,
232.159 151.379 7.7018 8.1394 S.,
241.866 151.379 20.8662 8.1394 Chang,
264.745 151.379 9.8606 8.1394 W.,

81.3334 160.040 5.6742 8.1394 &
89.8009 160.040 28.9618 8.1394 Goharian,
121.804 160.040 7.0891 8.1394 N.
131.686 160.040 21.2674 8.1394 (2018).
158.693 160.040 5.2658 8.1394 A
166.752 160.040 47.2025 8.1394 discourse-aware
216.748 160.040 25.5267 8.1394 attention
245.076 160.040 18.2333 8.1394 model
266.102 160.040 8.5040 8.1394 for

81.3334 168.701 31.3030 8.1394 abstractive
114.459 168.701 43.3516 8.1394 summarization
159.634 168.701 6.0753 8.1394 of
167.533 168.701 12.9676 8.1394 long
182.324 168.701 33.4254 8.1394 documents,
217.572 168.701 1.8233 8.1394 .

72.2164 177.361 22.4854 8.1394 COHN,
97.0137 177.361 7.5632 8.1394 T.,
107.005 177.361 5.6742 8.1394 &
114.991 177.361 28.4294 8.1394 LAPATA,
145.725 177.361 8.3071 8.1394 M.
156.345 177.361 21.2674 8.1394 (2013).
181.798 177.361 35.9416 8.1394 Paraphrastic
220.045 177.361 25.1110 8.1394 sentence
247.468 177.361 27.1385 8.1394 compres-

81.3334 186.023 12.1580 8.1394 sion
95.2636 186.023 12.9676 8.1394 with
109.996 186.023 3.2382 8.1394 a
115.006 186.023 45.6125 8.1394 character-based
162.391 186.023 20.6620 8.1394 metric:
185.285 186.023 29.5818 8.1394 tightening
216.639 186.023 22.2884 8.1394 without
240.700 186.023 25.3225 8.1394 deletion.
268.531 186.023 6.0753 8.1394 In

81.3334 194.792 36.1312 8.0227 Proceedings
119.295 194.792 5.6742 8.0227 of
126.792 194.792 8.9125 8.0227 the
137.535 194.792 28.9035 8.0227 Workshop
168.262 194.792 7.2933 8.0227 on
177.386 194.792 37.6847 8.0227 Monolingual
216.894 194.792 35.3727 8.0227 Text-To-Text
254.097 194.792 20.5089 8.0227 Gener-

81.3334 203.454 16.8180 8.0227 ation.

72.2164 212.005 23.1563 8.1394 Conroy,
98.2754 212.005 4.6604 8.1394 J.
105.619 212.005 10.1304 8.1394 M.,
118.653 212.005 35.5623 8.1394 Schlesinger,
157.110 212.005 4.6604 8.1394 J.
164.462 212.005 8.9125 8.1394 D.,
176.270 212.005 5.6742 8.1394 &
184.635 212.005 23.8492 8.1394 Stewart,
211.380 212.005 4.6604 8.1394 J.
218.732 212.005 7.0891 8.1394 G.
228.505 212.005 21.2674 8.1394 (2005).
255.155 212.005 19.4513 8.1394 Classy

81.3334 220.666 35.6425 8.1394 query-based
119.535 220.666 46.5971 8.1394 multi-document
168.693 220.666 45.1749 8.1394 summarization.
218.849 220.666 6.0753 8.1394 In
227.484 220.775 14.5867 8.0227 2005
244.631 220.775 29.9756 8.0227 Document

81.3334 229.436 43.6871 8.0227 Understanding
126.843 229.436 35.1760 8.0227 Conference.

72.2164 237.988 30.7998 8.1394 C.Sunitha,
105.065 237.988 14.7836 8.1394 Jaya,
121.898 237.988 8.9125 8.1394 A.,
132.853 237.988 5.6742 8.1394 &
140.533 237.988 23.6961 8.1394 Ganesh,
166.278 237.988 7.0891 8.1394 D.
175.373 237.988 7.0891 8.1394 A.
184.460 237.988 21.2674 8.1394 (2016).
208.930 237.988 5.2658 8.1394 A
216.201 237.988 15.8047 8.1394 study
234.004 237.988 7.2933 8.1394 on
243.303 237.988 31.3030 8.1394 abstractive

81.3334 246.648 43.3516 8.1394 summarization
127.405 246.648 31.1936 8.1394 techniques
161.312 246.648 5.6742 8.1394 in
169.706 246.648 18.2333 8.1394 indian
190.660 246.648 30.9894 8.1394 languages.
227.141 246.648 6.0753 8.1394 In
235.931 246.757 19.4951 8.0227 Fourth
258.147 246.757 16.4611 8.0227 Inter-

81.3334 255.419 24.3160 8.0227 national
108.253 255.419 33.3524 8.0227 Conference
144.201 255.419 7.2933 8.0227 on
154.099 255.419 19.8452 8.0227 Recent
176.547 255.419 19.5899 8.0227 Trends
198.741 255.419 5.6742 8.0227 in
207.012 255.419 29.1733 8.0227 Computer
238.789 255.419 22.2739 8.0227 Science
263.666 255.419 10.9400 8.0227 and

81.3334 264.079 36.0583 8.0227 Engineering
119.214 263.970 11.5454 8.1394 (pp.
132.583 263.970 22.4854 8.1394 25–31).

72.2164 272.631 20.1661 8.1394 Demir,
95.2487 272.631 7.7018 8.1394 S.,
105.816 272.631 19.8743 8.1394 Oliver,
128.557 272.631 8.9125 8.1394 D.,
140.336 272.631 28.8889 8.1394 Schwartz,
172.091 272.631 8.1029 8.1394 E.,
183.060 272.631 16.9205 8.1394 Elzer,
202.847 272.631 7.7018 8.1394 S.,
213.415 272.631 27.2698 8.1394 Carberry,
243.551 272.631 7.7018 8.1394 S.,
254.126 272.631 5.6742 8.1394 &
262.455 272.631 12.1507 8.1394 Mc-

81.3334 281.291 13.4343 8.1394 Coy,
97.0213 281.291 7.0891 8.1394 K.
106.276 281.291 5.2950 8.1394 F.
113.737 281.291 21.2674 8.1394 (2010).
138.731 281.291 30.8946 8.1394 Interactive
171.792 281.291 14.1855 8.1394 sight
188.151 281.291 11.3484 8.1394 into
201.666 281.291 34.4391 8.1394 information
238.271 281.291 26.5332 8.1394 graphics.
268.531 281.291 6.0753 8.1394 In

81.3334 290.062 30.5882 8.0227 W4A2010.

72.2164 298.613 42.1336 8.1394 Dineshnath.G,
117.019 298.613 5.6742 8.1394 &
125.370 298.613 39.6320 8.1394 S.Saraswathi,
167.883 298.613 7.0891 8.1394 D.
177.641 298.613 21.2674 8.1394 (2017).
204.247 298.613 12.7488 8.1394 Text
219.673 298.613 43.3516 8.1394 summarization
265.694 298.613 8.9125 8.1394 us-

81.3334 307.274 9.3209 8.1394 ing
92.3901 307.274 31.3030 8.1394 abstractive
125.421 307.274 26.5405 8.1394 methods.
154.397 307.384 22.5072 8.0227 Journal
178.640 307.384 5.6742 8.0227 of
186.050 307.384 24.7171 8.0227 Network
212.496 307.384 49.4342 8.0227 Communications
263.666 307.384 10.9400 8.0227 and

81.3334 316.044 28.4951 8.0227 Emerging
111.651 316.044 38.0420 8.0227 Technologies
151.517 316.044 28.1593 8.0227 (JNCET),
181.499 316.044 5.7399 8.0227 7,
189.063 315.935 20.0567 8.1394 26–29.

72.2164 324.596 42.1336 8.1394 Dineshnath.G,
116.151 324.596 5.6742 8.1394 &
123.619 324.596 39.6320 8.1394 S.Saraswathi,
165.060 324.596 7.0891 8.1394 D.
173.951 324.596 21.2674 8.1394 (2018).
197.793 324.596 45.4885 8.1394 Comprehensive
245.075 324.596 19.2252 8.1394 survey
266.102 324.596 8.5040 8.1394 for

81.3334 333.256 31.3030 8.1394 abstractive
115.065 333.256 10.8306 8.1394 text
128.317 333.256 45.1749 8.1394 summarization.
178.045 333.366 38.4942 8.0227 International
218.968 333.366 22.5072 8.0227 Journal
243.896 333.366 5.6742 8.0227 of
251.999 333.366 22.6093 8.0227 Innova-

81.3334 342.027 14.1855 8.0227 tions
97.3422 342.027 10.9400 8.0227 and
110.105 342.027 39.2892 8.0227 Advancement
151.218 342.027 5.6742 8.0227 in
158.715 342.027 29.1733 8.0227 Computer
189.712 342.027 24.0968 8.0227 Science,
215.632 342.027 5.7399 8.0227 7,
223.195 341.918 27.3500 8.1394 215–219.

72.2164 350.578 23.2876 8.1394 Dohare,
97.1742 350.578 7.7018 8.1394 S.,
106.546 350.578 5.6742 8.1394 &
113.854 350.578 25.3152 8.1394 Karnick,
140.839 350.578 7.0891 8.1394 H.
149.562 350.578 21.2674 8.1394 (2018).
173.046 350.578 20.4432 8.1394 Survey
195.123 350.578 6.0753 8.1394 of
202.832 350.578 8.9125 8.1394 the
213.371 350.578 13.3687 8.1394 state
228.374 350.578 6.0753 8.1394 of
236.083 350.578 8.9125 8.1394 the
246.629 350.578 7.6945 8.1394 art
255.957 350.578 5.6742 8.1394 in
263.265 350.578 11.3411 8.1394 nat-

81.3334 359.239 11.3411 8.1394 ural
94.6656 359.239 26.3289 8.1394 language
122.985 359.239 32.8127 8.1394 generation:
158.394 359.239 14.1782 8.1394 Core
174.564 359.239 16.4100 8.1394 tasks,
193.001 359.239 35.2487 8.1394 applications
230.241 359.239 10.5316 8.1394 and
242.764 359.239 31.8427 8.1394 evaluation.

81.3334 368.009 22.5072 8.0227 Journal
105.663 368.009 5.6742 8.0227 of
113.161 368.009 25.9351 8.0227 Artiﬁcial
140.919 368.009 34.3589 8.0227 Intelligence
177.102 368.009 28.5829 8.0227 Research,
207.508 368.009 9.1166 8.0227 61,
218.448 367.900 23.7033 8.1394 65–170.

72.2164 376.561 20.9756 8.1394 Embar,
95.1466 376.561 6.1483 8.1394 V.
103.227 376.561 8.5113 8.1394 R.,
113.693 376.561 34.2276 8.1394 Deshpande,
149.875 376.561 5.8784 8.1394 S.
157.687 376.561 8.5113 8.1394 R.,
168.152 376.561 7.0891 8.1394 K,
177.174 376.561 6.1483 8.1394 V.
185.255 376.561 8.9125 8.1394 A.,
196.122 376.561 13.5729 8.1394 Jain,
211.650 376.561 7.9716 8.1394 V.,
221.576 376.561 5.6742 8.1394 &
229.183 376.561 30.9967 8.1394 Kallimani,
262.134 376.561 4.6604 8.1394 J.
268.728 376.561 5.8784 8.1394 S.

81.3334 385.221 21.2674 8.1394 (2013).
104.708 385.221 27.1385 8.1394 saramsha
133.429 385.221 2.4287 8.1394 -
137.441 385.221 3.2382 8.1394 a
142.261 385.221 24.3014 8.1394 kannada
168.153 385.221 31.3030 8.1394 abstractive
201.038 385.221 35.8540 8.1394 summarizer.
239.000 385.221 6.0753 8.1394 In
246.658 385.331 27.9481 8.0227 Advances

81.3334 393.992 5.6742 8.0227 in
89.3925 393.992 34.1693 8.0227 Computing,
126.092 393.992 49.4342 8.0227 Communications
177.919 393.992 10.9400 8.0227 and
191.244 393.992 33.6296 8.0227 Informatics
227.265 393.992 30.3695 8.0227 (ICACCI),
260.020 393.992 14.5867 8.0227 2013

81.3334 402.653 38.4942 8.0227 International
121.650 402.653 33.3524 8.0227 Conference
156.826 402.653 7.2933 8.0227 on
165.943 402.543 11.5454 8.1394 (pp.
179.311 402.543 29.7787 8.1394 540–544).

72.2164 411.204 12.6539 8.1394 Fan,
87.6418 411.204 8.9125 8.1394 A.,
99.3257 411.204 27.4521 8.1394 Grangler,
129.549 411.204 8.9125 8.1394 D.,
141.233 411.204 5.6742 8.1394 &
149.489 411.204 14.7909 8.1394 Auli,
167.051 411.204 8.3071 8.1394 M.
177.933 411.204 21.2674 8.1394 (2018).
204.254 411.204 36.4667 8.1394 Controllable
243.303 411.204 31.3030 8.1394 abstractive

81.3334 419.865 45.1749 8.1394 summarization.
130.826 419.865 6.0753 8.1394 In
139.252 419.974 36.1312 8.0227 Proceedings
177.731 419.974 5.6742 8.0227 of
185.761 419.974 10.9400 8.0227 2nd
199.050 419.974 28.9035 8.0227 Workshop
230.309 419.974 7.2933 8.0227 on
239.951 419.974 20.1515 8.0227 Neural
262.458 419.974 12.1507 8.0227 Ma-

81.3334 428.636 15.6880 8.0227 chine
98.8447 428.636 33.5348 8.0227 Translation
134.202 428.636 10.9400 8.0227 and
146.966 428.636 33.1118 8.0227 Generation
181.901 428.526 11.5454 8.1394 (pp.
195.270 428.526 22.4854 8.1394 45–54).

72.2164 437.187 29.4943 8.1394 Filippova,
105.977 437.187 8.9125 8.1394 K.,
119.149 437.187 31.3905 8.1394 Alfonseca,
154.806 437.187 8.1029 8.1394 E.,
167.168 437.187 36.6636 8.1394 Colmenares,
208.098 437.187 6.6880 8.1394 C.
218.557 437.187 8.9125 8.1394 A.,
231.736 437.187 20.5672 8.1394 Kaiser,
256.562 437.187 8.1029 8.1394 L.,
268.932 437.187 5.6742 8.1394 &

81.3334 445.848 23.9659 8.1394 Vinyals,
107.290 445.848 7.0891 8.1394 O.
116.334 445.848 21.2674 8.1394 (2015).
140.650 445.848 26.3289 8.1394 Sentence
168.933 445.848 36.8678 8.1394 compression
207.756 445.848 7.2933 8.1394 by
217.004 445.848 23.4991 8.1394 deletion
242.457 445.848 12.9676 8.1394 with
257.379 445.848 17.2269 8.1394 lstms.

81.3334 454.508 6.0753 8.1394 In
89.7732 454.618 36.1312 8.0227 Proceedings
128.267 454.618 5.6742 8.0227 of
136.304 454.618 8.9125 8.0227 the
147.587 454.618 14.5867 8.0227 2015
164.537 454.618 33.3524 8.0227 Conference
200.252 454.618 7.2933 8.0227 on
209.909 454.618 29.1733 8.0227 Empirical
241.452 454.618 25.1183 8.0227 Methods
268.934 454.618 5.6742 8.0227 in

81.3334 463.279 22.5875 8.0227 Natural
105.744 463.279 29.0275 8.0227 Language
136.595 463.279 33.9068 8.0227 Processing.

72.2164 471.830 29.4943 8.1394 Filippova,
103.789 471.830 8.9125 8.1394 K.,
114.787 471.830 5.6742 8.1394 &
122.489 471.830 20.8662 8.1394 Strube,
145.434 471.830 8.3071 8.1394 M.
155.768 471.830 21.2674 8.1394 (2008).
180.318 471.830 26.3289 8.1394 Sentence
208.682 471.830 18.2333 8.1394 fusion
228.942 471.830 8.9125 8.1394 via
239.882 471.830 34.7236 8.1394 dependency

81.3334 480.491 16.6069 8.1394 graph
99.4281 480.491 38.6912 8.1394 compression.
140.015 480.491 6.0753 8.1394 In
147.580 480.601 36.1312 8.0227 Proceedings
185.199 480.601 5.6742 8.0227 of
192.361 480.601 8.9125 8.0227 the
202.761 480.601 14.5867 8.0227 2008
218.836 480.601 33.3524 8.0227 Conference
253.676 480.601 7.2933 8.0227 on
262.457 480.601 12.1507 8.0227 Em-

81.3334 489.261 19.4513 8.0227 pirical
102.608 489.261 25.1183 8.0227 Methods
129.549 489.261 5.6742 8.0227 in
137.047 489.261 22.5875 8.0227 Natural
161.458 489.261 29.0275 8.0227 Language
192.308 489.261 32.0834 8.0227 Processing
226.215 489.152 11.5454 8.1394 (pp.
239.584 489.152 29.7787 8.1394 177–185).

72.2164 497.813 21.9748 8.1394 Foland,
97.1377 497.813 9.8606 8.1394 W.,
109.944 497.813 5.6742 8.1394 &
118.346 497.813 21.6758 8.1394 Martin,
142.969 497.813 4.6604 8.1394 J.
150.349 497.813 7.0891 8.1394 H.
160.166 497.813 21.2674 8.1394 (2017).
186.933 497.813 24.7098 8.1394 Abstract
214.370 497.813 25.1183 8.1394 meaning
242.209 497.813 32.3970 8.1394 representa-

81.3334 506.473 11.3484 8.1394 tion
94.6437 506.473 21.4716 8.1394 parsing
118.084 506.473 15.8047 8.1394 using
135.858 506.473 12.5664 8.1394 lstm
150.386 506.473 26.3217 8.1394 recurrent
178.677 506.473 18.2260 8.1394 neural
198.865 506.473 28.4878 8.1394 networks.
230.431 506.473 6.0753 8.1394 In
238.475 506.583 36.1312 8.0227 Proceedings

81.3334 515.244 5.6742 8.0227 of
89.2102 515.244 8.9125 8.0227 the
100.332 515.244 12.9676 8.0227 55th
115.502 515.244 21.0705 8.0227 Annual
138.775 515.244 23.9003 8.0227 Meeting
164.885 515.244 5.6742 8.0227 of
172.762 515.244 8.9125 8.0227 the
183.877 515.244 34.0380 8.0227 Association
220.125 515.244 8.5113 8.0227 for
230.839 515.244 43.7673 8.0227 Computational

81.3334 523.905 32.0178 8.0227 Linguistics
115.174 523.796 11.5454 8.1394 (pp.
128.542 523.796 29.7787 8.1394 463–472).

72.2164 532.456 20.6839 8.1394 Galley,
94.5340 532.456 10.1304 8.1394 M.,
106.298 532.456 5.6742 8.1394 &
113.555 532.456 30.7341 8.1394 Mckeown,
145.922 532.456 7.0891 8.1394 K.
154.601 532.456 6.6880 8.1394 R.
162.872 532.456 21.2674 8.1394 (2007).
186.255 532.456 33.9140 8.1394 Lexicalized
221.758 532.456 22.0988 8.1394 markov
245.440 532.456 29.1661 8.1394 grammars

81.3334 541.118 8.5040 8.1394 for
92.2661 541.118 25.1110 8.1394 sentence
119.805 541.118 38.6912 8.1394 compression.
163.062 541.118 6.0753 8.1394 In
171.570 541.227 33.3524 8.0227 Conference
207.351 541.227 5.6742 8.0227 of
215.454 541.227 8.9125 8.0227 the
226.795 541.227 17.0226 8.0227 North
246.246 541.227 28.3565 8.0227 American

81.3334 549.887 23.9076 8.0227 Chapter
107.064 549.887 5.6742 8.0227 of
114.561 549.887 8.9125 8.0227 the
125.297 549.887 34.0380 8.0227 Association
161.158 549.887 5.6742 8.0227 of
168.656 549.887 43.7673 8.0227 Computational
214.247 549.887 33.8412 8.0227 Linguistics.

72.2164 558.439 26.9343 8.1394 Ganesan,
101.747 558.439 8.9125 8.1394 K.,
113.256 558.439 15.1920 8.1394 Zhai,
131.037 558.439 8.5113 8.1394 C.,
142.144 558.439 5.6742 8.1394 &
150.262 558.439 13.9740 8.1394 Han,
166.832 558.439 4.6604 8.1394 J.
173.929 558.439 21.2674 8.1394 (2010).
199.798 558.439 27.9627 8.1394 Opinosis:
231.254 558.439 5.2658 8.1394 A
238.963 558.439 35.6425 8.1394 graph-based

81.3334 567.100 26.7301 8.1394 approach
110.484 567.100 5.6742 8.1394 to
118.573 567.100 31.3030 8.1394 abstractive
152.297 567.100 43.3516 8.1394 summarization
198.070 567.100 6.0753 8.1394 of
206.567 567.100 18.6418 8.1394 highly
227.623 567.100 29.1661 8.1394 redundant
259.210 567.100 15.3962 8.1394 opin-

81.3334 575.761 13.9813 8.1394 ions.
97.6559 575.761 6.0753 8.1394 In
105.420 575.870 13.5073 8.0227 23rd
120.619 575.870 38.4942 8.0227 International
160.805 575.870 33.3524 8.0227 Conference
195.850 575.870 7.2933 8.0227 on
204.835 575.870 43.7673 8.0227 Computational
250.287 575.870 24.3160 8.0227 Linguis-

81.3334 584.531 10.1304 8.0227 tics
93.2872 584.421 11.5454 8.1394 (pp.
106.655 584.421 29.7787 8.1394 340–348).

72.2164 593.083 22.0769 8.1394 Genest,
96.0364 593.083 5.0689 8.1394 P.
102.833 593.083 8.1029 8.1394 E.,
112.679 593.083 5.6742 8.1394 &
120.082 593.083 27.3427 8.1394 Lapalme,
149.168 593.083 7.0891 8.1394 G.
157.986 593.083 21.2674 8.1394 (2011).
181.667 593.083 33.3670 8.1394 Framework
216.763 593.083 8.5040 8.1394 for
226.988 593.083 31.3030 8.1394 abstractive
260.019 593.083 14.5867 8.1394 sum-

81.3334 601.743 31.1936 8.1394 marization
114.168 601.743 15.8047 8.1394 using
131.606 601.743 32.1928 8.1394 text-to-text
165.440 601.743 32.6085 8.1394 generation.
200.273 601.743 6.0753 8.1394 In
207.986 601.852 28.9035 8.0227 Workshop
238.531 601.852 7.2933 8.0227 on
247.458 601.852 27.1458 8.0227 Monolin-

81.3334 610.514 12.9676 8.0227 gual
96.1243 610.514 35.3727 8.0227 Text-To-Text
133.320 610.514 33.1118 8.0227 Generation
168.255 610.404 11.5454 8.1394 (pp.
181.624 610.404 22.4854 8.1394 64–73).

72.2164 619.065 21.6685 8.1394 Gerani,
96.1750 619.065 7.7018 8.1394 S.,
106.174 619.065 25.7236 8.1394 Mehdad,
134.187 619.065 7.9716 8.1394 Y.,
144.456 619.065 26.9416 8.1394 Carenini,
173.688 619.065 8.9125 8.1394 G.,
184.891 619.065 10.7358 8.1394 Ng,
197.924 619.065 6.6880 8.1394 R.
206.807 619.065 7.5632 8.1394 T.,
216.668 619.065 5.6742 8.1394 &
224.537 619.065 17.6207 8.1394 Nejat,
244.455 619.065 6.6880 8.1394 B.
253.339 619.065 21.2674 8.1394 (2014).

81.3334 627.726 33.3306 8.1394 Abstractive
118.427 627.726 43.3516 8.1394 summarization
165.534 627.726 6.0753 8.1394 of
175.373 627.726 22.2811 8.1394 product
201.418 627.726 22.3176 8.1394 reviews
227.491 627.726 15.8047 8.1394 using
247.059 627.726 27.5469 8.1394 discourse

81.3334 636.386 27.3427 8.1394 structure.
113.394 636.386 6.0753 8.1394 In
121.951 636.496 14.5867 8.0227 2014
139.017 636.496 33.3524 8.0227 Conference
174.849 636.496 7.2933 8.0227 on
184.615 636.496 29.1733 8.0227 Empirical
216.268 636.496 25.1183 8.0227 Methods
243.866 636.496 5.6742 8.0227 in
252.020 636.496 22.5875 8.0227 Natural

81.3334 645.157 29.0275 8.0227 Language
112.184 645.157 32.0834 8.0227 Processing
146.090 645.048 11.5454 8.1394 (pp.
159.459 645.048 37.0720 8.1394 1602–1613).

72.2164 653.708 19.5753 8.1394 Goyal,
94.3152 653.708 8.9125 8.1394 N.,
105.751 653.708 5.6742 8.1394 &
113.803 653.708 31.8062 8.1394 Eisenstein,
148.132 653.708 4.6604 8.1394 J.
155.178 653.708 21.2674 8.1394 (2016).
180.857 653.708 5.2658 8.1394 A
188.501 653.708 13.3760 8.1394 joint
204.262 653.708 18.2333 8.1394 model
224.880 653.708 6.0753 8.1394 of
233.333 653.708 27.9481 8.1394 rhetorical
263.666 653.708 10.9400 8.1394 dis-

81.3334 662.369 19.0356 8.1394 course
102.513 662.369 25.5194 8.1394 structure
130.176 662.369 10.5316 8.1394 and
142.852 662.369 45.1749 8.1394 summarization.
191.681 662.369 6.0753 8.1394 In
199.900 662.479 36.1312 8.0227 Proceedings
238.175 662.479 5.6742 8.0227 of
245.994 662.479 8.9125 8.0227 the
257.050 662.479 17.5551 8.0227 Work-

81.3334 671.139 13.7771 8.0227 shop
96.9338 671.139 7.2933 8.0227 on
106.050 671.139 30.5226 8.0227 Structured
138.396 671.139 30.5226 8.0227 Prediction
170.742 671.139 8.5113 8.0227 for
181.077 671.139 13.3760 8.0227 NLP
196.276 671.030 11.5454 8.1394 (pp.
209.645 671.030 29.7787 8.1394 595–598).

72.2164 679.691 38.7130 8.1394 Greenbacker,
112.687 679.691 6.6880 8.1394 C.
121.110 679.691 5.2950 8.1394 F.
128.149 679.691 21.2674 8.1394 (2011).
151.859 679.691 24.6807 8.1394 Towards
178.276 679.691 3.2382 8.1394 a
183.257 679.691 31.7406 8.1394 framework
216.733 679.691 8.5040 8.1394 for
226.981 679.691 31.3030 8.1394 abstractive
260.019 679.691 14.5867 8.1394 sum-

81.3334 688.351 31.1936 8.1394 marization
114.459 688.351 6.0753 8.1394 of
122.475 688.351 33.6369 8.1394 multimodal
158.044 688.351 33.4254 8.1394 documents.
194.460 688.351 6.0753 8.1394 In
202.469 688.461 22.4124 8.0227 HLT-SS
226.815 688.461 9.7220 8.0227 ’11
238.477 688.461 36.1312 8.0227 Proceedings

305.603 134.167 5.6742 8.0227 of
313.101 134.167 8.9125 8.0227 the
323.837 134.167 13.1572 8.0227 ACL
338.817 134.167 14.5867 8.0227 2011
355.227 134.167 21.8800 8.0227 Student
378.931 134.167 21.8800 8.0227 Session
402.634 134.057 11.5454 8.1394 (pp.
416.002 134.057 22.4854 8.1394 75–80).

296.486 142.718 38.7130 8.1394 Greenbacker,
337.475 142.718 6.6880 8.1394 C.
346.351 142.718 7.1183 8.1394 F.,
355.745 142.718 23.1563 8.1394 McCoy,
381.169 142.718 7.0891 8.1394 K.
390.446 142.718 7.1183 8.1394 F.,
399.840 142.718 27.2698 8.1394 Carberry,
429.386 142.718 7.7018 8.1394 S.,
439.363 142.718 5.6742 8.1394 &
447.218 142.718 33.0169 8.1394 McDonald,
482.510 142.718 7.0891 8.1394 D.
491.787 142.718 7.0891 8.1394 D.

305.603 151.379 21.2674 8.1394 (2011).
329.788 151.379 27.1458 8.1394 Semantic
358.845 151.379 27.5542 8.1394 modeling
388.317 151.379 6.0753 8.1394 of
396.303 151.379 33.6369 8.1394 multimodal
431.858 151.379 31.6020 8.1394 documents
465.371 151.379 8.5040 8.1394 for
475.793 151.379 23.0834 8.1394 abstrac-

305.603 160.040 10.6483 8.1394 tive
318.396 160.040 45.1749 8.1394 summarization.
367.210 160.040 6.0753 8.1394 In
375.430 160.149 22.4124 8.0227 HLT-SS
399.987 160.149 9.7220 8.0227 ’11
411.846 160.149 36.1312 8.0227 Proceedings
450.121 160.149 5.6742 8.0227 of
457.940 160.149 8.9125 8.0227 the
468.989 160.149 13.1572 8.0227 ACL
484.290 160.149 14.5867 8.0227 2011

305.603 168.810 21.8800 8.0227 Student
329.307 168.810 21.8800 8.0227 Session
353.010 168.701 11.5454 8.1394 (pp.
366.379 168.701 22.4854 8.1394 75–80).

296.486 177.361 13.9740 8.1394 Han,
312.503 177.361 8.9125 8.1394 X.,
323.457 177.361 9.4522 8.1394 Lv,
334.951 177.361 7.5632 8.1394 T.,
344.557 177.361 10.7358 8.1394 Hu,
357.327 177.361 8.1029 8.1394 Z.,
367.472 177.361 18.6564 8.1394 Wang,
388.171 177.361 8.9125 8.1394 X.,
399.126 177.361 5.6742 8.1394 &
406.798 177.361 18.6564 8.1394 Wang,
427.497 177.361 6.6880 8.1394 C.
436.183 177.361 21.2674 8.1394 (2016).
460.630 177.361 12.7488 8.1394 Text
475.377 177.361 23.4991 8.1394 summa-

305.603 186.023 22.2811 8.1394 rization
329.846 186.023 15.8047 8.1394 using
347.613 186.023 44.9561 8.1394 framenet-based
394.524 186.023 25.9278 8.1394 semantic
422.414 186.023 16.6069 8.1394 graph
440.982 186.023 20.0567 8.1394 model.
464.102 186.023 6.0753 8.1394 In
472.139 186.132 26.7374 8.0227 Scientiﬁc

305.603 194.792 42.2354 8.0227 Programming.

296.486 203.344 32.2001 8.1394 Harabagiu,
330.926 203.344 7.7018 8.1394 S.,
340.874 203.344 31.5145 8.1394 Moldovan,
374.627 203.344 8.9125 8.1394 D.,
385.779 203.344 33.0096 8.1394 Morarescu,
421.027 203.344 6.8922 8.1394 P.,
430.166 203.344 28.1523 8.1394 Lacatusu,
460.557 203.344 7.1183 8.1394 F.,
469.915 203.344 28.9618 8.1394 Mihalcea,

305.603 212.005 8.5113 8.1394 R.,
316.376 212.005 13.1718 8.1394 Rus,
331.801 212.005 7.9716 8.1394 V.,
342.034 212.005 5.6742 8.1394 &
349.881 212.005 17.2196 8.1394 Girju,
369.354 212.005 6.6880 8.1394 R.
378.216 212.005 21.2674 8.1394 (2001).
403.225 212.005 28.6555 8.1394 Gistexter:
434.834 212.005 5.2658 8.1394 A
442.273 212.005 20.2609 8.1394 system
464.700 212.005 8.5040 8.1394 for
475.378 212.005 23.4991 8.1394 summa-

305.603 220.666 17.0154 8.1394 rizing
324.442 220.666 10.8306 8.1394 text
337.096 220.666 33.4254 8.1394 documents,
372.345 220.666 1.8233 8.1394 .

296.486 229.326 23.2949 8.1394 Hennig,
321.590 229.326 8.1029 8.1394 L.,
331.502 229.326 27.7511 8.1394 Umbrath,
361.062 229.326 9.8606 8.1394 W.,
372.731 229.326 5.6742 8.1394 &
380.214 229.326 25.5777 8.1394 Wetzker,
407.600 229.326 6.6880 8.1394 R.
416.097 229.326 24.5056 8.1394 (2008a).
443.185 229.326 8.9125 8.1394 An
453.906 229.326 44.9707 8.1394 ontology-based

305.603 237.988 26.7301 8.1394 approach
334.128 237.988 5.6742 8.1394 to
341.596 237.988 10.8306 8.1394 text
354.214 237.988 45.1749 8.1394 summarization.
401.948 237.988 6.0753 8.1394 In
409.820 238.097 14.5867 8.0227 2008
426.201 238.097 46.9833 8.0227 IEEE/WIC/ACM
474.978 238.097 23.9003 8.0227 Interna-

305.603 246.757 17.0226 8.0227 tional
324.544 246.757 33.3524 8.0227 Conference
359.815 246.757 7.2933 8.0227 on
369.026 246.757 12.2893 8.0227 Web
383.226 246.757 34.3589 8.0227 Intelligence
419.503 246.757 10.9400 8.0227 and
432.362 246.757 29.9100 8.0227 Intelligent
464.190 246.757 16.9424 8.0227 Agent
483.050 246.757 15.8265 8.0227 Tech-

305.603 255.419 19.7795 8.0227 nology
327.206 255.309 11.5454 8.1394 (pp.
340.575 255.309 29.7787 8.1394 540–544).

296.486 263.970 23.2949 8.1394 Hennig,
321.554 263.970 8.1029 8.1394 L.,
331.429 263.970 27.7511 8.1394 Umbrath,
360.960 263.970 9.8606 8.1394 W.,
372.592 263.970 5.6742 8.1394 &
380.024 263.970 25.5777 8.1394 Wetzker,
407.374 263.970 6.6880 8.1394 R.
415.827 263.970 24.9140 8.1394 (2008b).
443.236 263.970 8.9125 8.1394 An
453.906 263.970 44.9707 8.1394 ontology-based

305.603 272.631 26.7301 8.1394 approach
334.346 272.631 5.6742 8.1394 to
342.034 272.631 10.8306 8.1394 text
354.885 272.631 45.1749 8.1394 summarization.
403.298 272.631 6.0753 8.1394 In
411.385 272.740 46.9831 8.0227 IEEE/WIC/ACM
460.381 272.740 38.4942 8.0227 International

305.603 281.401 33.3524 8.0227 Conference
341.100 281.401 7.2933 8.0227 on
350.538 281.401 12.2893 8.0227 Web
364.971 281.401 34.3589 8.0227 Intelligence
401.474 281.401 10.9400 8.0227 and
414.559 281.401 29.9100 8.0227 Intelligent
446.613 281.401 16.9424 8.0227 Agent
465.699 281.401 33.1774 8.0227 Technology

305.603 289.953 11.5454 8.1394 (pp.
318.972 289.953 29.7787 8.1394 291–294).

296.486 298.613 19.6483 8.1394 Hpola,
318.097 298.613 6.8922 8.1394 P.,
326.951 298.613 19.2471 8.1394 Senso,
348.167 298.613 4.6604 8.1394 J.
354.760 298.613 8.9125 8.1394 A.,
365.635 298.613 46.0137 8.1394 Leiva-Mederos,
413.610 298.613 8.9125 8.1394 A.,
424.484 298.613 5.6742 8.1394 &
432.099 298.613 58.9375 8.1394 Domnguez-Velasco,
492.998 298.613 5.8784 8.1394 S.

305.603 307.274 21.2674 8.1394 (2014).
329.868 307.274 46.5898 8.1394 Ontology-based
378.398 307.274 10.8306 8.1394 text
391.162 307.274 45.1749 8.1394 summarization.
438.277 307.274 8.9125 8.1394 the
449.129 307.274 12.5518 8.1394 case
463.621 307.274 6.0753 8.1394 of
471.636 307.274 27.2406 8.1394 texminer.

305.603 316.044 10.9400 8.0227 The
318.359 316.044 30.3111 8.0227 University
350.479 316.044 5.6742 8.0227 of
357.970 316.044 19.8598 8.0227 British
379.645 316.044 28.7722 8.0227 Columbia
410.226 316.044 22.1790 8.0227 Library
434.221 316.044 2.4287 8.0227 :
438.904 316.044 25.0089 8.0227 Emerald
465.729 316.044 22.2156 8.0227 Insight,
489.760 316.044 9.1166 8.0227 32,

305.603 324.596 27.3500 8.1394 229–248.

296.486 333.256 13.1645 8.1394 Issa,
312.364 333.256 7.1183 8.1394 F.,
322.203 333.256 28.5607 8.1394 Damonte,
353.477 333.256 10.1304 8.1394 M.,
366.320 333.256 20.8662 8.1394 Cohen,
389.899 333.256 5.8784 8.1394 S.
398.316 333.256 8.5113 8.1394 B.,
409.548 333.256 13.2447 8.1394 Yan,
425.506 333.256 8.9125 8.1394 X.,
437.131 333.256 5.6742 8.1394 &
445.343 333.256 20.8662 8.1394 Chang,
468.923 333.256 6.1483 8.1394 Y.
477.609 333.256 21.2674 8.1394 (2018).

305.603 341.918 24.7098 8.1394 Abstract
332.224 341.918 25.1183 8.1394 meaning
359.253 341.918 41.3168 8.1394 representation
402.481 341.918 8.5040 8.1394 for
412.888 341.918 31.5874 8.1394 paraphrase
446.387 341.918 28.5607 8.1394 detection.
477.850 341.918 6.0753 8.1394 In
485.836 342.027 13.0405 8.0227 Pro-

305.603 350.688 25.5194 8.0227 ceedings
332.691 350.688 5.6742 8.0227 of
339.933 350.688 8.9125 8.0227 the
350.414 350.688 14.5867 8.0227 2018
366.568 350.688 33.3524 8.0227 Conference
401.489 350.688 5.6742 8.0227 of
408.731 350.688 8.9125 8.0227 the
419.212 350.688 17.0226 8.0227 North
437.802 350.688 28.3565 8.0227 American
467.727 350.688 23.9076 8.0227 Chapter
493.203 350.688 5.6742 8.0227 of

305.603 359.349 8.9125 8.0227 the
316.587 359.349 34.0380 8.0227 Association
352.689 359.349 8.5113 8.0227 for
363.272 359.349 43.7673 8.0227 Computational
409.110 359.349 34.4464 8.0227 Linguistics:
446.306 359.349 21.4716 8.0227 Human
469.849 359.349 29.0275 8.0227 Language

305.603 368.009 38.0420 8.0227 Technologies
345.468 367.900 11.5454 8.1394 (pp.
358.837 367.900 29.7787 8.1394 442–452).
391.241 367.900 21.7341 8.1394 volume
414.799 367.900 5.4700 8.1394 1.

296.486 376.561 22.0842 8.1394 Jobson,
321.036 376.561 8.1029 8.1394 E.,
331.597 376.561 5.6742 8.1394 &
339.605 376.561 26.1247 8.1394 Gutirrez,
368.195 376.561 7.0891 8.1394 A.
377.617 376.561 6.6807 8.1394 ().
388.558 376.561 33.3306 8.1394 Abstractive
424.222 376.561 10.8306 8.1394 text
437.386 376.561 43.3516 8.1394 summarization
483.072 376.561 15.8047 8.1394 using

305.603 385.221 24.8265 8.1394 attentive
332.253 385.221 63.9917 8.1394 sequence-to-sequence
398.068 385.221 14.3825 8.1394 rnns.
415.076 385.331 24.8557 8.0227 Stanford
441.755 385.331 24.5133 8.0227 Reports,
468.092 385.221 1.8233 8.1394 .

296.486 393.883 16.8184 8.1394 Joshi,
316.288 393.883 8.9125 8.1394 A.,
328.191 393.883 24.1118 8.1394 Fidalgo,
355.285 393.883 8.1029 8.1394 E.,
366.371 393.883 5.6742 8.1394 &
374.795 393.883 21.5591 8.1394 Alegre,
399.344 393.883 6.2796 8.1394 E.
408.373 393.883 9.9189 8.1394 (a).
423.894 393.883 15.3889 8.1394 Deep
442.032 393.883 23.9003 8.1394 learning
468.689 393.883 16.6069 8.1394 based
488.046 393.883 10.8306 8.1394 text

305.603 402.543 45.3791 8.1394 summarization:
353.244 402.543 36.6563 8.1394 Approaches,
391.723 402.543 27.9481 8.1394 databases
421.495 402.543 10.5316 8.1394 and
433.849 402.543 30.0194 8.1394 evaluation
465.692 402.543 28.9618 8.1394 measures,
496.477 402.543 1.8233 8.1394 .

296.486 411.204 16.8184 8.1394 Joshi,
315.588 411.204 10.1304 8.1394 M.,
327.994 411.204 18.6564 8.1394 Wang,
348.933 411.204 8.9125 8.1394 H.,
360.128 411.204 5.6742 8.1394 &
367.990 411.204 28.5607 8.1394 McClean,
398.827 411.204 5.8784 8.1394 S.
406.893 411.204 10.3274 8.1394 (b).
421.020 411.204 18.2260 8.1394 Dense
441.434 411.204 25.9278 8.1394 semantic
469.550 411.204 16.6069 8.1394 graph
488.345 411.204 10.5316 8.1394 and

305.603 419.865 6.8922 8.1394 its
314.319 419.865 32.4116 8.1394 application
348.554 419.865 5.6742 8.1394 in
356.051 419.865 17.4238 8.1394 single
375.299 419.865 28.7649 8.1394 document
405.887 419.865 45.1749 8.1394 summarization,
452.885 419.865 1.8233 8.1394 .

296.486 428.526 28.1523 8.1394 Kasture1,
327.308 428.526 7.0891 8.1394 N.
336.899 428.526 8.5113 8.1394 R.,
348.087 428.526 20.7714 8.1394 Yargal,
371.528 428.526 8.9125 8.1394 N.,
383.109 428.526 18.8460 8.1394 Singh,
404.625 428.526 7.0891 8.1394 N.
414.215 428.526 8.9125 8.1394 N.,
425.805 428.526 27.6417 8.1394 Kulkarni,
456.116 428.526 8.9125 8.1394 N.,
467.698 428.526 5.6742 8.1394 &
475.873 428.526 23.0032 8.1394 Mathur,

305.603 437.187 6.1483 8.1394 V.
314.735 437.187 21.2674 8.1394 (2014).
342.325 437.187 5.2658 8.1394 A
350.574 437.187 15.8047 8.1394 study
369.354 437.187 6.0753 8.1394 of
378.413 437.187 31.3030 8.1394 abstractive
412.699 437.187 43.3516 8.1394 summarization
459.026 437.187 15.8047 8.1394 using
477.814 437.187 21.0632 8.1394 seman-

305.603 445.848 7.2933 8.1394 tic
315.945 445.848 44.1539 8.1394 representations
363.148 445.848 10.5316 8.1394 and
376.728 445.848 27.5469 8.1394 discourse
407.324 445.848 13.8865 8.1394 level
424.259 445.848 36.2625 8.1394 information.
467.063 445.957 31.8135 8.0227 INTERNA-

305.603 454.618 24.9286 8.0227 TIONAL
332.625 454.618 31.4051 8.0227 JOURNAL
366.124 454.618 14.1782 8.0227 FOR
382.395 454.618 36.0583 8.0227 RESEARCH
420.546 454.618 7.2933 8.0227 IN
429.933 454.618 37.2690 8.0227 EMERGING
469.295 454.618 29.5818 8.0227 SCIENCE

305.603 463.279 14.5867 8.0227 AND
322.013 463.279 49.7989 8.0227 TECHNOLOGY,
373.636 463.279 5.4700 8.0227 1,
380.929 463.170 20.0567 8.1394 53–57.

296.486 471.830 17.6207 8.1394 Katja,
316.098 471.830 6.6880 8.1394 C.
324.748 471.830 21.2674 8.1394 (2010).
349.071 471.830 43.7527 8.1394 Multi-sentence
394.779 471.830 38.8954 8.1394 compression:
436.205 471.830 20.6693 8.1394 ﬁnding
458.836 471.830 22.6896 8.1394 shortest
483.480 471.830 15.3962 8.1394 paths

305.603 480.491 5.6742 8.1394 in
313.240 480.491 14.9149 8.1394 word
330.116 480.491 21.2674 8.1394 graphs.
354.461 480.491 6.0753 8.1394 In
362.502 480.601 26.7447 8.0227 COLING
391.208 480.601 9.7220 8.0227 ’10
402.900 480.601 36.1312 8.0227 Proceedings
440.993 480.601 5.6742 8.0227 of
448.629 480.601 8.9125 8.0227 the
459.503 480.601 13.5073 8.0227 23rd
474.980 480.601 23.9003 8.0227 Interna-

305.603 489.261 17.0226 8.0227 tional
324.449 489.261 33.3524 8.0227 Conference
359.625 489.261 7.2933 8.0227 on
368.742 489.261 43.7673 8.0227 Computational
414.332 489.261 32.0178 8.0227 Linguistics
448.174 489.152 11.5454 8.1394 (pp.
461.543 489.152 29.7787 8.1394 322–330).

296.486 497.813 17.6207 8.1394 Khan,
316.864 497.813 7.0891 8.1394 A.
326.520 497.813 21.2674 8.1394 (2014).
352.798 497.813 5.2658 8.1394 A
360.631 497.813 19.4805 8.1394 review
382.679 497.813 7.2933 8.1394 on
392.547 497.813 31.3030 8.1394 abstractive
426.417 497.813 43.3516 8.1394 summarization
472.336 497.813 26.5405 8.1394 methods.

305.603 506.583 22.5072 8.0227 Journal
330.816 506.583 5.6742 8.0227 of
339.189 506.583 33.3597 8.0227 Theoretical
375.255 506.583 10.9400 8.0227 and
388.893 506.583 22.6896 8.0227 Applied
414.289 506.583 34.8476 8.0227 Information
451.835 506.583 35.0030 8.0227 Technology,
489.760 506.583 9.1166 8.0227 59,

305.603 515.135 20.0567 8.1394 64–72.

296.486 523.795 17.6207 8.1394 Khan,
316.973 523.795 8.9125 8.1394 A.,
328.752 523.795 18.8460 8.1394 Salim,
350.464 523.795 8.9125 8.1394 N.,
362.243 523.795 27.6417 8.1394 Farman1,
392.751 523.795 8.9125 8.1394 H.,
404.530 523.795 17.6207 8.1394 Khan,
425.017 523.795 10.1304 8.1394 M.,
438.014 523.795 11.5454 8.1394 Jan,
452.425 523.795 8.5113 8.1394 B.,
463.803 523.795 23.2949 8.1394 Ahmad,
489.964 523.795 8.9125 8.1394 A.,

305.603 532.456 23.2949 8.1394 Ahmed,
331.626 532.456 1.8233 8.1394 .
335.995 532.456 6.0753 8.1394 I.,
344.798 532.456 5.6742 8.1394 &
353.017 532.456 14.6815 8.1394 Paul,
370.427 532.456 7.0891 8.1394 A.
380.061 532.456 21.2674 8.1394 (2018).
406.273 532.456 33.3306 8.1394 Abstractive
442.149 532.456 10.8306 8.1394 text
455.525 532.456 43.3516 8.1394 summarization

305.603 541.117 16.6069 8.1394 based
324.282 541.117 7.2933 8.1394 on
333.646 541.117 27.7366 8.1394 improved
363.454 541.117 25.9278 8.1394 semantic
391.453 541.117 16.6069 8.1394 graph
410.132 541.117 28.5534 8.1394 approach.
442.100 541.226 8.1029 8.0227 Int
452.274 541.226 3.2382 8.0227 J
457.583 541.226 23.2147 8.0227 Parallel
482.869 541.226 16.0073 8.0227 Prog,

305.603 549.778 11.5454 8.1394 (pp.
318.972 549.778 18.8387 8.1394 1–25).

296.486 558.439 22.0842 8.1394 Knight,
320.292 558.439 8.9125 8.1394 K.,
330.933 558.439 5.6742 8.1394 &
338.306 558.439 20.8589 8.1394 Marcu,
360.887 558.439 7.0891 8.1394 D.
369.675 558.439 21.2674 8.1394 (2000).
393.298 558.439 45.3791 8.1394 Statistics-based
440.377 558.439 43.3516 8.1394 summarization
487.127 558.439 11.7496 8.1394 step

305.603 567.100 12.5591 8.1394 one:
320.423 567.100 26.3289 8.1394 Sentence
348.576 567.100 38.6912 8.1394 compression.
389.893 567.100 6.0753 8.1394 In
397.791 567.209 27.3424 8.0227 AAAI-00.

296.486 575.761 25.0672 8.1394 Konstas,
323.596 575.761 6.0753 8.1394 I.,
331.706 575.761 13.2739 8.1394 Iyer,
347.022 575.761 7.7018 8.1394 S.,
356.759 575.761 23.4845 8.1394 Yatskar,
382.285 575.761 10.1304 8.1394 M.,
394.458 575.761 16.0089 8.1394 Choi,
412.502 575.761 7.9716 8.1394 Y.,
422.515 575.761 5.6742 8.1394 &
430.188 575.761 37.1085 8.1394 Zettlemoyer,
469.331 575.761 6.2796 8.1394 L.
477.609 575.761 21.2674 8.1394 (2017).

305.603 584.421 19.8452 8.1394 Neural
326.995 584.421 13.3687 8.1394 amr:
342.486 584.421 65.2097 8.1394 Sequence-to-sequence
409.242 584.421 21.0705 8.1394 models
431.858 584.421 8.5040 8.1394 for
441.916 584.421 21.4716 8.1394 parsing
464.934 584.421 10.5316 8.1394 and
477.011 584.421 21.8654 8.1394 genera-

305.603 593.083 13.1718 8.1394 tion.
320.956 593.083 6.0753 8.1394 In
328.650 593.192 36.1312 8.0227 Proceedings
366.400 593.192 5.6742 8.0227 of
373.694 593.192 8.9125 8.0227 the
384.225 593.192 12.9676 8.0227 55th
398.812 593.192 21.0705 8.0227 Annual
421.494 593.192 23.9003 8.0227 Meeting
447.013 593.192 5.6742 8.0227 of
454.307 593.192 8.9125 8.0227 the
464.838 593.192 34.0380 8.0227 Association

305.603 601.852 8.5113 8.0227 for
315.938 601.852 43.7673 8.0227 Computational
361.529 601.852 32.0178 8.0227 Linguistics
395.370 601.743 11.5454 8.1394 (pp.
408.739 601.743 29.7787 8.1394 146–157).

296.486 610.404 32.4335 8.1394 Kurisinkel,
331.174 610.404 6.2796 8.1394 L.
339.619 610.404 6.4838 8.1394 J.,
348.357 610.404 20.4578 8.1394 Zhang,
371.068 610.404 7.9716 8.1394 Y.,
381.286 610.404 5.6742 8.1394 &
389.126 610.404 20.8589 8.1394 Varma,
412.239 610.404 6.1483 8.1394 V.
420.553 610.404 21.2674 8.1394 (2017).
445.548 610.404 33.3306 8.1394 Abstractive
481.044 610.404 17.8322 8.1394 multi-

305.603 619.065 28.7649 8.1394 document
336.622 619.065 43.3516 8.1394 summarization
382.235 619.065 7.2933 8.1394 by
391.782 619.065 18.6345 8.1394 partial
412.677 619.065 10.9327 8.1394 tree
425.863 619.065 73.0136 8.1394 extraction,recombination

305.603 627.726 10.5316 8.1394 and
317.688 627.726 38.2827 8.1394 linearization.
358.021 627.726 6.0753 8.1394 In
365.648 627.835 9.3209 8.0227 8th
376.522 627.835 38.4942 8.0227 International
416.577 627.835 14.4043 8.0227 Joint
432.535 627.835 33.3524 8.0227 Conference
467.441 627.835 7.2933 8.0227 on
476.288 627.835 22.5875 8.0227 Natural

305.603 636.496 29.0275 8.0227 Language
336.454 636.496 32.0834 8.0227 Processing
370.360 636.386 11.5454 8.1394 (pp.
383.729 636.386 29.7787 8.1394 812–821).

296.486 645.048 9.5178 8.1394 Le,
308.236 645.048 7.0891 8.1394 H.
317.469 645.048 7.5632 8.1394 T.,
327.264 645.048 5.6742 8.1394 &
335.083 645.048 9.5178 8.1394 Le,
346.832 645.048 5.7399 8.1394 T.
354.716 645.048 8.3071 8.1394 M.
365.175 645.048 21.2674 8.1394 (2013).
390.104 645.048 8.9125 8.1394 An
401.160 645.048 26.7301 8.1394 approach
430.042 645.048 5.6742 8.1394 to
437.860 645.048 31.3030 8.1394 abstractive
471.315 645.048 10.8306 8.1394 text
484.290 645.048 14.5867 8.1394 sum-

305.603 653.708 33.0169 8.1394 marization.
343.602 653.708 6.0753 8.1394 In
352.234 653.817 38.4942 8.0227 International
393.289 653.817 33.3524 8.0227 Conference
429.201 653.817 7.2933 8.0227 on
439.054 653.817 11.3484 8.0227 Soft
452.955 653.817 32.4189 8.0227 Computing
487.934 653.817 10.9400 8.0227 and

305.603 662.479 21.2965 8.0227 Pattern
328.723 662.479 35.1758 8.0227 Recognition
365.722 662.479 28.9910 8.0227 (SoCPaR)
396.537 662.369 11.5454 8.1394 (pp.
409.905 662.369 29.7787 8.1394 371–376).

296.486 671.030 12.7560 8.1394 Lee,
311.394 671.030 16.8184 8.1394 C.-S.,
330.364 671.030 17.2196 8.1394 Chen,
349.735 671.030 15.0607 8.1394 Y.-J.,
366.947 671.030 5.6742 8.1394 &
374.707 671.030 13.5729 8.1394 Jian,
390.432 671.030 16.7455 8.1394 Z.-W.
409.271 671.030 21.2674 8.1394 (2003).
434.002 671.030 46.5898 8.1394 Ontology-based
482.678 671.030 16.1985 8.1394 fuzzy

305.603 679.691 15.5056 8.1394 event
323.355 679.691 29.0567 8.1394 extraction
354.658 679.691 15.7974 8.1394 agent
372.695 679.691 8.5040 8.1394 for
383.445 679.691 21.8727 8.1394 chinese
407.564 679.691 20.4724 8.1394 e-news
430.283 679.691 45.1749 8.1394 summarization.
479.432 679.800 19.4440 8.0227 Expert

305.603 688.461 23.0907 8.0227 Systems
330.517 688.461 12.5664 8.0227 with
344.907 688.461 38.6987 8.0227 Applications,
385.429 688.351 11.5454 8.1394 (pp.
398.798 688.351 29.7787 8.1394 431–447).

280.988 706.771 9.1166 10.1742 22

210.051 21.8897 72.3402 12.7684 ACCEPTED
285.891 21.8897 90.2327 12.7684 MANUSCRIPT

54.9470 623.773 45.6014 26.4027 A
79.5679 599.382 45.6014 24.3914 C
102.313 574.991 45.6014 24.3914 C
125.058 552.647 45.6014 22.3435 E
145.894 532.315 45.6014 20.3323 P
164.854 509.971 45.6014 22.3435 T
185.689 487.628 45.6014 22.3435 E
206.525 461.225 45.6014 26.4027 D

239.671 419.573 45.6014 32.5097 M

269.987 393.171 45.6014 26.4027 A
294.608 366.768 45.6014 26.4027 N
319.229 340.365 45.6014 26.4027 U
343.850 320.033 45.6014 20.3323 S
362.810 295.642 45.6014 24.3914 C
385.555 271.250 45.6014 24.3914 R
408.300 259.073 45.6014 12.1774 I
419.656 238.741 45.6014 20.3323 P
438.616 216.397 45.6014 22.3435 T

72.2164 134.057 8.3071 8.1394 Li,
83.2001 134.057 8.0373 8.1394 W.
93.7463 134.057 21.2674 8.1394 (2015).
119.827 134.057 33.3306 8.1394 Abstractive
155.666 134.057 46.5971 8.1394 multi-document
204.765 134.057 43.3516 8.1394 summarization
250.626 134.057 12.9676 8.1394 with
266.102 134.057 8.5040 8.1394 se-

81.3334 142.718 19.8525 8.1394 mantic
103.446 142.718 34.4391 8.1394 information
140.154 142.718 30.8800 8.1394 extraction.
175.067 142.718 6.0753 8.1394 In
183.408 142.827 14.5867 8.0227 2015
200.256 142.827 33.3524 8.0227 Conference
235.876 142.827 7.2933 8.0227 on
245.431 142.827 29.1733 8.0227 Empirical

81.3334 151.489 25.1183 8.0227 Methods
108.275 151.489 5.6742 8.0227 in
115.772 151.489 22.5875 8.0227 Natural
140.183 151.489 29.0275 8.0227 Language
171.034 151.489 32.0834 8.0227 Processing
204.940 151.379 11.5454 8.1394 (pp.
218.309 151.379 22.4854 8.1394 17–21).

72.2164 160.040 15.1920 8.1394 Liao,
89.4140 160.040 8.9125 8.1394 K.,
100.324 160.040 28.0728 8.1394 Lebanoﬀ,
130.403 160.040 8.1029 8.1394 L.,
140.504 160.040 5.6742 8.1394 &
148.148 160.040 11.9538 8.1394 Liu,
162.100 160.040 5.2950 8.1394 F.
169.364 160.040 21.2674 8.1394 (2018).
193.716 160.040 24.7098 8.1394 Abstract
220.388 160.040 25.1183 8.1394 meaning
247.476 160.040 27.1312 8.1394 represen-

81.3334 168.701 16.6142 8.1394 tation
99.7709 168.701 8.5040 8.1394 for
110.098 168.701 46.5971 8.1394 multi-document
158.518 168.701 45.1749 8.1394 summarization,
205.517 168.701 1.8233 8.1394 .

72.2164 177.361 11.9538 8.1394 Lin,
85.7674 177.361 6.4838 8.1394 J.,
93.8484 177.361 13.1718 8.1394 Sun,
108.617 177.361 8.9125 8.1394 X.,
119.127 177.361 11.5454 8.1394 Ma,
132.269 177.361 7.7018 8.1394 S.,
141.568 177.361 5.6742 8.1394 &
148.781 177.361 9.5251 8.1394 Su,
159.904 177.361 7.0891 8.1394 Q.
168.532 177.361 21.2674 8.1394 (2018).
191.812 177.361 19.8525 8.1394 Global
213.203 177.361 26.7374 8.1394 encoding
241.480 177.361 8.5040 8.1394 for
251.523 177.361 23.0834 8.1394 abstrac-

81.3334 186.023 10.6483 8.1394 tive
93.7904 186.023 45.1749 8.1394 summarization.
141.554 186.023 6.0753 8.1394 In
149.435 186.132 36.1312 8.0227 Proceedings
187.375 186.132 5.6742 8.0227 of
194.850 186.132 8.9125 8.0227 the
205.571 186.132 12.9676 8.0227 56th
220.348 186.132 21.0705 8.0227 Annual
243.227 186.132 23.9003 8.0227 Meeting
268.929 186.132 5.6742 8.0227 of

81.3334 194.792 8.9125 8.0227 the
92.0692 194.792 34.0380 8.0227 Association
127.930 194.792 8.5113 8.0227 for
138.265 194.792 43.7673 8.0227 Computational
183.855 194.792 32.0178 8.0227 Linguistics
217.696 194.683 11.5454 8.1394 (pp.
231.065 194.683 29.7787 8.1394 163–169).

72.2164 203.344 11.9538 8.1394 Liu,
86.1393 203.344 7.1183 8.1394 F.,
95.2195 203.344 27.3135 8.1394 Flanigan,
124.502 203.344 6.4838 8.1394 J.,
132.948 203.344 29.3776 8.1394 Thomson,
164.294 203.344 7.7018 8.1394 S.,
173.958 203.344 19.6483 8.1394 Sadeh,
195.575 203.344 8.9125 8.1394 N.,
206.457 203.344 5.6742 8.1394 &
214.064 203.344 19.2544 8.1394 Smith,
235.288 203.344 7.0891 8.1394 N.
244.309 203.344 7.0891 8.1394 A.
253.339 203.344 21.2674 8.1394 (2015).

81.3334 212.005 21.8435 8.1394 Toward
104.993 212.005 31.3030 8.1394 abstractive
138.104 212.005 43.3516 8.1394 summarization
183.272 212.005 15.8047 8.1394 using
200.885 212.005 25.9278 8.1394 semantic
228.629 212.005 45.9772 8.1394 representations.

81.3334 220.775 39.2449 8.0227 HLT-NAACL,
122.401 220.666 1.8233 8.1394 .

72.2164 229.326 11.4797 8.1394 Liy,
86.4238 229.326 6.8922 8.1394 P.,
96.0437 229.326 18.3646 8.1394 Lamy,
117.136 229.326 9.8606 8.1394 W.,
129.724 229.326 19.2471 8.1394 Bingz,
151.699 229.326 8.1029 8.1394 L.,
162.529 229.326 5.6742 8.1394 &
170.756 229.326 21.8290 8.1394 Wangy,
195.313 229.326 6.2796 8.1394 Z.
204.138 229.326 21.2674 8.1394 (2017).
230.350 229.326 15.3889 8.1394 Deep
248.284 229.326 26.3217 8.1394 recurrent

81.3334 237.988 30.0850 8.1394 generative
113.241 237.988 23.0834 8.1394 decoder
138.148 237.988 8.5040 8.1394 for
148.475 237.988 31.3030 8.1394 abstractive
181.602 237.988 10.8306 8.1394 text
194.256 237.988 45.1749 8.1394 summarization.

72.2164 246.648 19.6483 8.1394 Lloret,
94.9497 246.648 8.1029 8.1394 E.,
106.137 246.648 20.7495 8.1394 Teresa,
129.972 246.648 10.1304 8.1394 M.,
143.180 246.648 32.6158 8.1394 Rom-Ferri,
178.881 246.648 5.6742 8.1394 &
187.385 246.648 29.2609 8.1394 Palomara,
219.731 246.648 8.3071 8.1394 M.
230.875 246.648 21.2674 8.1394 (2013).
257.992 246.648 16.6142 8.1394 Com-

81.3334 255.309 27.5542 8.1394 pendium:
111.170 255.309 5.2658 8.1394 A
118.274 255.309 10.8306 8.1394 text
130.935 255.309 43.3516 8.1394 summarization
176.124 255.309 20.2609 8.1394 system
198.216 255.309 8.5040 8.1394 for
208.558 255.309 30.7852 8.1394 generating
241.174 255.309 25.5194 8.1394 abstracts
268.531 255.309 6.0753 8.1394 of

81.3334 263.970 24.2941 8.1394 research
107.450 263.970 20.8589 8.1394 papers.
130.934 264.079 14.5867 8.0227 Data
147.344 264.079 10.9400 8.0227 and
160.108 264.079 32.7471 8.0227 Knowledge
194.678 264.079 37.8817 8.0227 Engineering,
234.384 264.079 9.1166 8.0227 88,
245.324 263.970 27.3500 8.1394 164–175.

72.2164 272.631 15.3962 8.1394 dolfo
90.9238 272.631 41.0104 8.1394 Lozano-Tello,
135.617 272.631 5.6742 8.1394 &
144.602 272.631 41.5137 8.1394 Gomez-Perez,
189.799 272.631 7.0891 8.1394 A.
200.199 272.631 21.2674 8.1394 (2004).
228.855 272.631 35.2487 8.1394 Ontometric:
269.340 272.631 5.2658 8.1394 A

81.3334 281.291 21.8800 8.1394 method
105.481 281.291 5.6742 8.1394 to
113.424 281.291 20.2536 8.1394 choose
135.945 281.291 8.9125 8.1394 the
147.119 281.291 33.2139 8.1394 appropriate
182.601 281.291 27.2844 8.1394 ontology.
213.935 281.401 22.5072 8.0227 Journal
238.710 281.401 5.6742 8.0227 of
246.652 281.401 27.9554 8.0227 Database

81.3334 290.062 37.9326 8.0227 Management
121.089 290.062 21.2598 8.0227 (JDM),
144.172 290.062 9.1166 8.0227 15,
155.112 289.953 9.1167 8.1394 18.

72.2164 298.613 8.3071 8.1394 M,
82.9594 298.613 4.6604 8.1394 J.
90.0559 298.613 10.1304 8.1394 M.,
102.775 298.613 6.6880 8.1394 C,
111.899 298.613 7.7018 8.1394 S.,
122.190 298.613 23.6961 8.1394 Ganesh,
148.475 298.613 8.9125 8.1394 A.,
159.984 298.613 5.6742 8.1394 &
168.094 298.613 7.0891 8.1394 A,
177.619 298.613 7.0891 8.1394 D.
187.144 298.613 21.2674 8.1394 (2016).
212.999 298.613 5.2658 8.1394 A
220.701 298.613 15.8047 8.1394 study
238.942 298.613 7.2933 8.1394 on
248.671 298.613 25.9351 8.1394 ontology

81.3334 307.274 16.6069 8.1394 based
99.9897 307.274 31.3030 8.1394 abstractive
133.334 307.274 45.1749 8.1394 summarization.
181.857 307.274 6.0753 8.1394 In
189.978 307.384 19.4951 8.0227 Fourth
211.523 307.384 38.4942 8.0227 International
252.059 307.384 22.5437 8.0227 Confer-

81.3334 316.044 13.3614 8.0227 ence
96.6421 316.044 7.2933 8.0227 on
105.882 316.044 19.8452 8.0227 Recent
127.675 316.044 19.5899 8.0227 Trends
149.212 316.044 5.6742 8.0227 in
156.826 316.044 29.1733 8.0227 Computer
187.947 316.044 22.2739 8.0227 Science
212.168 316.044 10.9400 8.0227 and
225.055 316.044 36.0583 8.0227 Engineering
263.061 315.935 11.5454 8.1394 (pp.

81.3334 324.596 22.4854 8.1394 32–37).

72.2164 333.256 11.5454 8.1394 Ma,
85.6142 333.256 4.6604 8.1394 J.
92.1199 333.256 10.1304 8.1394 M.,
104.102 333.256 6.6880 8.1394 C,
112.643 333.256 7.7018 8.1394 S.,
122.197 333.256 26.9343 8.1394 Ganesha,
150.984 333.256 8.9125 8.1394 A.,
161.749 333.256 5.6742 8.1394 &
169.268 333.256 10.7358 8.1394 Ab,
181.857 333.256 7.0891 8.1394 D.
190.798 333.256 21.2674 8.1394 (2016).
214.764 333.256 5.2658 8.1394 A
221.875 333.256 15.8047 8.1394 study
239.532 333.256 7.2933 8.1394 on
248.671 333.256 25.9351 8.1394 ontology

81.3334 341.918 16.6069 8.1394 based
99.9897 341.918 31.3030 8.1394 abstractive
133.334 341.918 45.1749 8.1394 summarization.
181.857 341.918 6.0753 8.1394 In
189.978 342.027 19.4951 8.0227 Fourth
211.523 342.027 38.4942 8.0227 International
252.059 342.027 22.5437 8.0227 Confer-

81.3334 350.688 13.3614 8.0227 ence
96.6421 350.688 7.2933 8.0227 on
105.882 350.688 19.8452 8.0227 Recent
127.675 350.688 19.5899 8.0227 Trends
149.212 350.688 5.6742 8.0227 in
156.826 350.688 29.1733 8.0227 Computer
187.947 350.688 22.2739 8.0227 Science
212.168 350.688 10.9400 8.0227 and
225.055 350.688 36.0583 8.0227 Engineering
263.061 350.578 11.5454 8.1394 (pp.

81.3334 359.239 22.4854 8.1394 32–37).

72.2164 367.900 17.2196 8.1394 Mani,
94.0307 367.900 6.0753 8.1394 I.,
104.700 367.900 20.4578 8.1394 House,
129.746 367.900 8.9125 8.1394 D.,
143.253 367.900 18.0291 8.1394 Klein,
165.877 367.900 8.9125 8.1394 G.,
179.384 367.900 33.8265 8.1394 Hirschman,
217.806 367.900 8.1029 8.1394 L.,
230.496 367.900 21.6831 8.1394 Firmin,
256.774 367.900 7.5632 8.1394 T.,
268.932 367.900 5.6742 8.1394 &

81.3334 376.561 31.4051 8.1394 Sundheim,
115.962 376.561 6.6880 8.1394 B.
125.589 376.561 21.2674 8.1394 (2010).
153.063 376.561 25.9278 8.1394 Inserting
181.937 376.561 27.9481 8.1394 rhetorical
212.824 376.561 29.5672 8.1394 predicates
245.338 376.561 8.5040 8.1394 for
256.781 376.561 17.8249 8.1394 quasi-

81.3334 385.221 31.3030 8.1394 abstractive
114.459 385.221 45.1749 8.1394 summarization.
162.260 385.221 6.0753 8.1394 In
170.159 385.331 16.3152 8.0227 RIAO
188.297 385.331 14.5867 8.0227 2010
204.707 385.221 11.5454 8.1394 (pp.
218.076 385.221 29.7787 8.1394 138–139).

72.2164 393.883 18.8387 8.1394 Marsi,
92.9148 393.883 8.1029 8.1394 E.,
102.877 393.883 5.6742 8.1394 &
110.404 393.883 27.4521 8.1394 Krahmer,
139.716 393.883 6.2796 8.1394 E.
147.848 393.883 6.6807 8.1394 ().
157.242 393.883 37.2762 8.1394 Explorations
196.370 393.883 5.6742 8.1394 in
203.897 393.883 25.1110 8.1394 sentence
230.861 393.883 20.0567 8.1394 fusion.
253.638 393.883 6.0753 8.1394 In
261.566 393.992 13.0405 8.0227 Pro-

81.3334 402.653 25.5194 8.0227 ceedings
108.676 402.653 5.6742 8.0227 of
116.173 402.653 8.9125 8.0227 the
126.909 402.653 34.0380 8.0227 Association
162.770 402.653 8.5113 8.0227 for
173.105 402.653 43.7673 8.0227 Computational
218.696 402.653 32.0178 8.0227 Linguistics
252.537 402.653 19.8376 8.0227 (ACL).

72.2164 411.204 33.0169 8.1394 McDonald,
107.596 411.204 6.6880 8.1394 R.
116.545 411.204 5.7399 8.1394 T.
124.546 411.204 21.2674 8.1394 (2006).
149.824 411.204 43.0599 8.1394 Discriminative
195.145 411.204 25.1110 8.1394 sentence
222.510 411.204 36.8678 8.1394 compression
261.638 411.204 12.9676 8.1394 with

81.3334 419.865 10.9400 8.1394 soft
93.9800 419.865 25.9278 8.1394 syntactic
121.607 419.865 27.5615 8.1394 evidence.
151.539 419.865 6.0753 8.1394 In
159.318 419.974 12.1580 8.0227 11st
173.182 419.974 33.3524 8.0227 Conference
208.234 419.974 5.6742 8.0227 of
215.615 419.974 8.9125 8.0227 the
226.234 419.974 28.4367 8.0227 European
256.370 419.974 18.2333 8.0227 Chap-

81.3334 428.636 8.1029 8.0227 ter
92.7037 428.636 5.6742 8.0227 of
101.638 428.636 8.9125 8.0227 the
113.817 428.636 34.0380 8.0227 Association
151.116 428.636 8.5113 8.0227 for
162.894 428.636 43.7673 8.0227 Computational
209.929 428.636 32.0178 8.0227 Linguistics
245.209 428.526 11.5454 8.1394 (pp.
260.022 428.526 14.5867 8.1394 297–

81.3334 437.187 15.1920 8.1394 304).

72.2164 445.848 25.7236 8.1394 Mehdad,
100.675 445.848 7.9716 8.1394 Y.,
111.381 445.848 26.9416 8.1394 Carenini,
141.065 445.848 8.9125 8.1394 G.,
152.712 445.848 21.9019 8.1394 Tompa,
177.349 445.848 5.2950 8.1394 F.
185.197 445.848 9.8606 8.1394 W.,
197.800 445.848 5.6742 8.1394 &
206.027 445.848 10.7358 8.1394 Ng,
219.498 445.848 6.6880 8.1394 R.
228.738 445.848 5.7399 8.1394 T.
237.031 445.848 21.2674 8.1394 (2013).
263.265 445.848 11.3411 8.1394 Ab-

81.3334 454.508 24.4181 8.1394 stractive
108.442 454.508 23.4991 8.1394 meeting
134.640 454.508 43.3516 8.1394 summarization
180.683 454.508 12.9676 8.1394 with
196.349 454.508 30.7925 8.1394 entailment
229.833 454.508 10.5316 8.1394 and
243.063 454.508 20.0567 8.1394 fusion.
268.531 454.508 6.0753 8.1394 In

81.3334 463.279 36.1312 8.0227 Proceedings
119.134 463.279 5.6742 8.0227 of
126.471 463.279 8.9125 8.0227 the
137.054 463.279 12.9676 8.0227 14th
151.684 463.279 28.4367 8.0227 European
181.791 463.279 28.9035 8.0227 Workshop
212.365 463.279 7.2933 8.0227 on
221.321 463.279 22.5875 8.0227 Natural
245.579 463.279 29.0275 8.0227 Language

81.3334 471.939 34.9349 8.0227 Generation.

72.2164 480.491 20.4578 8.1394 Mehta,
95.3727 480.491 5.0689 8.1394 P.
102.957 480.491 21.2674 8.1394 (2016).
129.082 480.491 15.8047 8.1394 From
147.410 480.491 28.3565 8.1394 extractive
178.283 480.491 5.6742 8.1394 to
186.481 480.491 31.3030 8.1394 abstractive
220.307 480.491 45.3791 8.1394 summarization:
269.340 480.491 5.2658 8.1394 A

81.3334 489.152 23.5210 8.1394 journey.
107.465 489.152 6.0753 8.1394 In
115.358 489.261 36.1312 8.0227 Proceedings
153.305 489.261 5.6742 8.0227 of
160.795 489.261 8.9125 8.0227 the
171.524 489.261 12.9676 8.0227 54th
186.307 489.261 21.0705 8.0227 Annual
209.194 489.261 23.9003 8.0227 Meeting
234.917 489.261 5.6742 8.0227 of
242.408 489.261 8.9125 8.0227 the
253.136 489.261 21.4716 8.0227 Associ-

81.3334 497.922 14.9951 8.0227 ation
98.1518 497.922 8.5113 8.0227 for
108.486 497.922 43.7673 8.0227 Computational
154.077 497.922 32.0178 8.0227 Linguistics
187.918 497.813 11.5454 8.1394 (pp.
201.286 497.813 29.7787 8.1394 100–106).

72.2164 506.473 27.1604 8.1394 Moawad,
100.922 506.473 4.2520 8.1394 I.
106.655 506.473 7.1183 8.1394 F.,
115.320 506.473 5.6742 8.1394 &
122.474 506.473 15.1847 8.1394 Aref,
139.205 506.473 8.3071 8.1394 M.
148.993 506.473 21.2674 8.1394 (2012).
172.142 506.473 27.1458 8.1394 Semantic
200.761 506.473 16.6069 8.1394 graph
218.848 506.473 27.5469 8.1394 reduction
247.876 506.473 26.7301 8.1394 approach

81.3334 515.135 8.5040 8.1394 for
91.8941 515.135 31.3030 8.1394 abstractive
125.261 515.135 10.8306 8.1394 text
138.148 515.135 45.1749 8.1394 summarization.
186.700 515.135 6.0753 8.1394 In
194.835 515.244 22.5729 8.0227 Seventh
219.464 515.244 38.4942 8.0227 International
260.023 515.244 14.5867 8.0227 Con-

81.3334 523.905 21.1944 8.0227 ference
104.351 523.905 7.2933 8.0227 on
113.467 523.905 29.1733 8.0227 Computer
144.464 523.905 36.0583 8.0227 Engineering
182.346 523.905 10.9400 8.0227 and
195.109 523.905 23.0907 8.0227 Systems
220.023 523.796 11.5454 8.1394 (pp.
233.391 523.796 29.7787 8.1394 132–138).

72.2164 532.456 29.3703 8.1394 Modaresi,
104.445 532.456 6.8922 8.1394 P.,
114.204 532.456 5.6742 8.1394 &
122.533 532.456 23.2949 8.1394 Conrad,
148.687 532.456 5.8784 8.1394 S.
157.220 532.456 21.2674 8.1394 (2016).
183.767 532.456 23.3751 8.1394 Simurg:
211.066 532.456 8.9125 8.1394 An
222.634 532.456 31.4853 8.1394 extendable
256.774 532.456 17.8322 8.1394 multi-

81.3334 541.118 20.2609 8.1394 lingual
103.716 541.118 19.4440 8.1394 corpus
125.283 541.118 8.5040 8.1394 for
135.909 541.118 31.3030 8.1394 abstractive
169.334 541.118 17.4238 8.1394 single
188.880 541.118 28.7649 8.1394 document
219.768 541.118 45.1749 8.1394 summarization.
268.531 541.118 6.0753 8.1394 In

81.3334 549.887 15.7974 8.0227 FIRE
98.9541 549.887 7.2933 8.0227 16
108.224 549.778 11.5454 8.1394 (pp.
121.592 549.778 22.4854 8.1394 24–27).

72.2164 558.439 33.4181 8.1394 Moratanch,
108.996 558.439 8.9125 8.1394 N.,
121.278 558.439 5.6742 8.1394 &
130.008 558.439 32.2074 8.1394 Chitrakala,
165.578 558.439 5.8784 8.1394 S.
174.512 558.439 21.2674 8.1394 (2016).
202.351 558.439 5.2658 8.1394 A
210.673 558.439 19.2252 8.1394 survey
232.954 558.439 7.2933 8.1394 on
243.303 558.439 31.3030 8.1394 abstractive

81.3334 567.100 10.8306 8.1394 text
94.1696 567.100 45.1749 8.1394 summarization.
142.553 567.100 6.0753 8.1394 In
150.634 567.209 14.5867 8.0227 2016
167.227 567.209 38.4942 8.0227 International
207.727 567.209 33.3524 8.0227 Conference
243.085 567.209 7.2933 8.0227 on
252.384 567.209 22.2228 8.0227 Circuit,

81.3334 575.870 18.4594 8.0227 Power
101.616 575.870 10.9400 8.0227 and
114.379 575.870 32.4189 8.0227 Computing
148.621 575.870 38.0420 8.0227 Technologies
188.487 575.761 11.5454 8.1394 (pp.
201.856 575.761 29.7787 8.1394 762–765).

72.2164 584.421 21.2747 8.1394 Munot,
95.7301 584.421 8.9125 8.1394 N.,
106.888 584.421 5.6742 8.1394 &
114.721 584.421 27.3500 8.1394 Govilkar,
144.311 584.421 5.8784 8.1394 S.
152.348 584.421 5.8784 8.1394 S.
160.385 584.421 21.2674 8.1394 (2015).
185.350 584.421 33.2212 8.1394 Conceptual
220.730 584.421 31.7406 8.1394 framework
254.630 584.421 8.5040 8.1394 for
265.292 584.421 9.3136 8.1394 ab-

81.3334 593.083 28.0648 8.1394 stractivve
112.023 593.083 10.8306 8.1394 text
125.479 593.083 45.1749 8.1394 summarization.
175.847 593.192 38.4942 8.0227 International
216.967 593.192 22.5072 8.0227 Journal
242.099 593.192 7.2933 8.0227 on
252.018 593.192 22.5875 8.0227 Natural

81.3334 601.852 29.0275 8.0227 Language
112.184 601.852 34.2426 8.0227 Computing,
148.250 601.852 5.4700 8.0227 4,
155.543 601.743 20.0567 8.1394 39–50.

72.2164 610.404 28.5607 8.1394 Nallapati,
104.708 610.404 8.5113 8.1394 R.,
117.157 610.404 17.2196 8.1394 Zhou,
138.308 610.404 8.5113 8.1394 B.,
150.758 610.404 10.1304 8.1394 dos
164.404 610.404 21.2747 8.1394 Santos,
189.609 610.404 8.5113 8.1394 C.,
202.052 610.404 25.3152 8.1394 Gulehre,
231.305 610.404 8.5113 8.1394 C.,
243.748 610.404 5.6742 8.1394 &
252.938 610.404 21.6685 8.1394 Lapata,

81.3334 619.065 8.3071 8.1394 M.
92.8495 619.065 21.2674 8.1394 (2016).
121.184 619.065 33.3306 8.1394 Abstractive
157.723 619.065 10.8306 8.1394 text
171.763 619.065 43.3516 8.1394 summarization
218.331 619.065 15.8047 8.1394 using
237.345 619.065 37.2617 8.1394 sequence-to-

81.3334 627.726 26.7301 8.1394 sequence
110.324 627.726 12.5591 8.1394 rnns
125.137 627.726 10.5316 8.1394 and
137.929 627.726 23.1855 8.1394 beyond.
165.133 627.726 6.0753 8.1394 In
173.466 627.835 10.9400 8.0227 The
186.667 627.835 24.3160 8.0227 SIGNLL
213.236 627.835 33.3524 8.0227 Conference
248.850 627.835 7.2933 8.0227 on
258.404 627.835 16.2058 8.0227 Com-

81.3334 636.496 29.9902 8.0227 putational
113.146 636.496 22.5875 8.0227 Natural
137.557 636.496 29.0275 8.0227 Language
168.408 636.496 30.2816 8.0227 Learning..

72.2164 645.048 25.7236 8.1394 Napoles,
100.988 645.048 8.5113 8.1394 C.,
112.548 645.048 46.3929 8.1394 Callison-Burch,
161.982 645.048 8.5113 8.1394 C.,
173.542 645.048 39.2454 8.1394 Ganitkevitch,
215.836 645.048 6.4838 8.1394 J.,
225.369 645.048 5.6742 8.1394 &
233.844 645.048 22.0769 8.1394 Durme,
258.969 645.048 6.6880 8.1394 B.
268.458 645.048 6.1483 8.1394 V.

81.3334 653.708 21.2674 8.1394 (2011).
105.430 653.708 35.9416 8.1394 Paraphrastic
143.261 653.708 25.1110 8.1394 sentence
170.261 653.708 36.8678 8.1394 compression
209.010 653.708 12.9676 8.1394 with
223.867 653.708 3.2382 8.1394 a
228.994 653.708 45.6125 8.1394 character-based

81.3334 662.369 20.6620 8.1394 metric:
105.189 662.369 29.5818 8.1394 tightening
137.069 662.369 22.2884 8.1394 without
161.647 662.369 25.3225 8.1394 deletion.
191.090 662.369 6.0753 8.1394 In
199.459 662.479 36.1312 8.0227 Proceedings
237.880 662.479 5.6742 8.0227 of
245.844 662.479 8.9125 8.0227 the
257.054 662.479 17.5551 8.0227 Work-

81.3334 671.139 13.7771 8.0227 shop
96.9338 671.139 7.2933 8.0227 on
106.050 671.139 37.6847 8.0227 Monolingual
145.558 671.139 35.3727 8.0227 Text-To-Text
182.754 671.139 33.1118 8.0227 Generation
217.689 671.030 11.5454 8.1394 (pp.
231.058 671.030 22.4854 8.1394 84–90).

72.2164 679.691 26.1247 8.1394 Nayeem,
99.9092 679.691 8.3071 8.1394 M.
109.726 679.691 7.5632 8.1394 T.,
118.857 679.691 5.6742 8.1394 &
126.041 679.691 17.6280 8.1394 Chali,
145.237 679.691 6.1483 8.1394 Y.
152.895 679.691 21.2674 8.1394 (2017).
176.102 679.691 35.9416 8.1394 Paraphrastic
213.553 679.691 18.2333 8.1394 fusion
233.289 679.691 8.5040 8.1394 for
243.303 679.691 31.3030 8.1394 abstractive

81.3334 688.351 42.9432 8.1394 multi-sentence
125.954 688.351 36.8678 8.1394 compression
164.499 688.351 32.6085 8.1394 generation.
199.412 688.351 6.0753 8.1394 In
207.167 688.461 18.2333 8.0227 CIKM
227.077 688.461 9.7220 8.0227 ’17
238.477 688.461 36.1312 8.0227 Proceedings

305.603 134.167 5.6742 8.0227 of
313.772 134.167 8.9125 8.0227 the
325.179 134.167 14.5867 8.0227 2017
342.260 134.167 15.1774 8.0227 ACM
359.931 134.167 7.2933 8.0227 on
369.719 134.167 33.3524 8.0227 Conference
405.566 134.167 7.2933 8.0227 on
415.354 134.167 34.8476 8.0227 Information
452.695 134.167 10.9400 8.0227 and
466.130 134.167 32.7471 8.0227 Knowledge

305.603 142.827 37.9326 8.0227 Management
345.490 142.718 11.5454 8.1394 (pp.
358.859 142.718 37.0720 8.1394 2223–2226).

296.486 151.379 19.2398 8.1394 Nema,
317.236 151.379 6.8922 8.1394 P.,
325.645 151.379 23.2876 8.1394 Khapra,
350.443 151.379 8.3071 8.1394 M.
360.186 151.379 10.1304 8.1394 M.,
371.827 151.379 16.4027 8.1394 Laha,
389.739 151.379 8.9125 8.1394 A.,
400.168 151.379 5.6742 8.1394 &
407.272 151.379 32.0615 8.1394 Ravindran,
440.851 151.379 6.6880 8.1394 B.
448.976 151.379 21.2674 8.1394 (2018).
472.022 151.379 26.8541 8.1394 Diversity

305.603 160.040 18.3427 8.1394 driven
325.704 160.040 25.5267 8.1394 attention
352.988 160.040 18.2333 8.1394 model
372.979 160.040 8.5040 8.1394 for
383.241 160.040 35.6425 8.1394 query-based
420.641 160.040 31.3030 8.1394 abstractive
453.702 160.040 45.1749 8.1394 summarization.

305.603 168.810 22.2884 8.0227 Cornell
329.715 168.810 30.3111 8.0227 University
361.850 168.810 27.5397 8.0227 Libraray,
391.213 168.701 1.8233 8.1394 .

296.486 177.361 24.9140 8.1394 Nguyen,
323.939 177.361 6.6880 8.1394 C.
333.019 177.361 8.9125 8.1394 Q.,
344.469 177.361 5.6742 8.1394 &
352.536 177.361 16.4100 8.1394 Phan,
371.484 177.361 5.7399 8.1394 T.
379.623 177.361 5.7399 8.1394 T.
387.755 177.361 21.2674 8.1394 (2009).
413.472 177.361 8.9125 8.1394 An
424.784 177.361 44.9707 8.1394 ontology-based
472.146 177.361 26.7301 8.1394 approach

305.603 186.023 8.5040 8.1394 for
316.631 186.023 10.3492 8.1394 key
329.504 186.023 19.0356 8.1394 phrase
351.070 186.023 30.8800 8.1394 extraction.
386.815 186.023 6.0753 8.1394 In
395.417 186.132 36.1312 8.0227 Proceedings
434.072 186.132 5.6742 8.0227 of
442.270 186.132 39.4934 8.0227 ACL-IJCNLP
484.287 186.132 14.5867 8.0227 2009

305.603 194.792 33.3524 8.0227 Conference
340.779 194.792 15.8047 8.0227 Short
358.407 194.792 20.0056 8.0227 Papers
380.236 194.683 11.5454 8.1394 (pp.
393.605 194.683 29.7787 8.1394 181–184).

296.486 203.344 24.9140 8.1394 Nguyen,
323.537 203.344 6.2796 8.1394 L.
331.888 203.344 10.1304 8.1394 M.,
344.148 203.344 5.6742 8.1394 &
351.901 203.344 10.7358 8.1394 Ho,
364.767 203.344 5.7399 8.1394 T.
372.578 203.344 6.6880 8.1394 B.
381.344 203.344 21.2674 8.1394 (2004).
406.032 203.344 44.9634 8.1394 Example-based
453.067 203.344 25.1110 8.1394 sentence
480.249 203.344 18.6272 8.1394 reduc-

305.603 212.005 11.3484 8.1394 tion
318.892 212.005 15.8047 8.1394 using
336.637 212.005 8.9125 8.1394 the
347.489 212.005 19.8525 8.1394 hidden
369.289 212.005 22.0988 8.1394 markov
393.328 212.005 20.0567 8.1394 model.
416.386 212.114 15.1774 8.0227 ACM
433.503 212.114 37.5826 8.0227 Transactions
473.026 212.114 7.2933 8.0227 on
482.259 212.114 16.6142 8.0227 Asian

305.603 220.775 29.0275 8.0227 Language
336.454 220.775 34.8476 8.0227 Information
373.125 220.775 33.9070 8.0227 Processing,
408.855 220.775 5.4700 8.0227 1,
416.149 220.666 16.4100 8.1394 1–12.

296.486 229.326 12.7633 8.1394 Niu,
312.393 229.326 6.4838 8.1394 J.,
322.020 229.326 17.2196 8.1394 Chen,
342.383 229.326 8.9125 8.1394 H.,
354.439 229.326 16.8111 8.1394 Zhao,
374.394 229.326 8.9125 8.1394 Q.,
386.450 229.326 13.1718 8.1394 Sun,
402.765 229.326 8.1029 8.1394 L.,
414.011 229.326 5.6742 8.1394 &
422.566 229.326 40.7114 8.1394 Atiquzzaman,
466.421 229.326 8.3071 8.1394 M.
477.609 229.326 21.2674 8.1394 (2017).

305.603 237.988 47.4067 8.1394 Multi-document
354.615 237.988 31.3030 8.1394 abstractive
387.522 237.988 43.3516 8.1394 summarization
432.471 237.988 15.8047 8.1394 using
449.880 237.988 36.8605 8.1394 chunk-graph
488.345 237.988 10.5316 8.1394 and

305.603 246.648 26.3217 8.1394 recurrent
333.851 246.648 18.2260 8.1394 neural
354.002 246.648 25.6507 8.1394 network.
382.606 246.648 6.0753 8.1394 In
390.607 246.757 15.7974 8.0227 IEEE
408.330 246.757 12.1580 8.0227 ICC
422.413 246.757 14.5867 8.0227 2017
438.925 246.757 12.7488 8.0227 SAC
453.599 246.757 33.2212 8.0227 Symposium
488.746 246.757 10.1304 8.0227 Big

305.603 255.419 14.5867 8.0227 Data
322.013 255.419 34.0380 8.0227 Networking
357.875 255.419 18.3062 8.0227 Track.

296.486 263.970 13.9740 8.1394 Oya,
312.109 263.970 5.7399 8.1394 T.
319.453 263.970 21.2674 8.1394 (2014).
342.872 263.970 30.7925 8.1394 Automatic
375.269 263.970 31.3030 8.1394 abstractive
408.177 263.970 43.3516 8.1394 summarization
453.133 263.970 6.0753 8.1394 of
460.813 263.970 23.4991 8.1394 meeting
485.916 263.970 12.9603 8.1394 con-

305.603 272.631 31.2884 8.1394 versations,
338.715 272.631 1.8233 8.1394 .

296.486 281.291 13.9740 8.1394 Oya,
313.392 281.291 7.5632 8.1394 T.,
323.887 281.291 25.7236 8.1394 Mehdad,
352.543 281.291 7.9716 8.1394 Y.,
363.447 281.291 26.9416 8.1394 Carenini,
393.327 281.291 8.9125 8.1394 G.,
405.172 281.291 5.6742 8.1394 &
413.552 281.291 10.7358 8.1394 Ng,
427.219 281.291 6.6880 8.1394 R.
436.621 281.291 21.2674 8.1394 (2014).
463.351 281.291 5.2658 8.1394 A
471.330 281.291 27.5469 8.1394 template-

305.603 289.953 16.6069 8.1394 based
325.179 289.953 31.3030 8.1394 abstractive
359.450 289.953 23.4991 8.1394 meeting
385.910 289.953 45.3791 8.1394 summarization:
435.841 289.953 32.9221 8.1394 Leveraging
471.731 289.953 27.1458 8.1394 summary

305.603 298.613 10.5316 8.1394 and
318.542 298.613 19.0356 8.1394 source
339.984 298.613 10.8306 8.1394 text
353.229 298.613 39.0996 8.1394 relationships.
396.821 298.613 6.0753 8.1394 In
405.306 298.722 36.1312 8.0227 Proceedings
443.844 298.722 5.6742 8.0227 of
451.925 298.722 8.9125 8.0227 the
463.244 298.722 9.3209 8.0227 8th
474.979 298.722 23.9003 8.0227 Interna-

305.603 307.384 17.0226 8.0227 tional
324.449 307.384 22.5875 8.0227 Natural
348.860 307.384 29.0275 8.0227 Language
379.711 307.384 33.1118 8.0227 Generation
414.646 307.384 33.3524 8.0227 Conference
449.822 307.274 11.5454 8.1394 (pp.
463.191 307.274 22.4854 8.1394 45–53).

296.486 315.935 35.7446 8.1394 Passonneau,
335.294 315.935 6.6880 8.1394 R.
344.790 315.935 6.4838 8.1394 J.,
354.337 315.935 17.2196 8.1394 Chen,
374.613 315.935 8.1029 8.1394 E.,
385.779 315.935 14.3825 8.1394 Guo,
403.217 315.935 9.8606 8.1394 W.,
416.134 315.935 5.6742 8.1394 &
424.623 315.935 17.2196 8.1394 Perin,
444.906 315.935 7.0891 8.1394 D.
454.803 315.935 21.2674 8.1394 (2013).
481.861 315.935 17.0154 8.1394 Auto-

305.603 324.596 17.8249 8.1394 mated
325.777 324.596 24.2358 8.1394 pyramid
352.361 324.596 21.4716 8.1394 scoring
376.181 324.596 6.0753 8.1394 of
384.605 324.596 31.6020 8.1394 summaries
418.555 324.596 15.8047 8.1394 using
436.708 324.596 38.7568 8.1394 distributional
477.814 324.596 21.0632 8.1394 seman-

305.603 333.256 11.9538 8.1394 tics.
320.132 333.256 6.0753 8.1394 In
328.007 333.366 36.1312 8.0227 Proceedings
365.939 333.366 5.6742 8.0227 of
373.415 333.366 8.9125 8.0227 the
384.122 333.366 12.1580 8.0227 51st
398.081 333.366 21.0705 8.0227 Annual
420.953 333.366 23.9003 8.0227 Meeting
446.655 333.366 5.6742 8.0227 of
454.123 333.366 8.9125 8.0227 the
464.837 333.366 34.0380 8.0227 Association

305.603 342.027 8.5113 8.0227 for
315.938 342.027 43.7673 8.0227 Computational
361.529 342.027 32.0178 8.0227 Linguistics
395.370 341.918 11.5454 8.1394 (pp.
408.739 341.918 29.7787 8.1394 143–147).

296.486 350.578 19.4659 8.1394 Pawar,
318.826 350.578 8.9125 8.1394 A.,
330.619 350.578 5.6742 8.1394 &
338.956 350.578 18.8387 8.1394 Mago,
360.675 350.578 6.1483 8.1394 V.
369.485 350.578 21.2674 8.1394 (2018).
396.077 350.578 33.6296 8.1394 Calculating
432.369 350.578 8.9125 8.1394 the
443.950 350.578 27.9627 8.1394 similarity
474.575 350.578 24.3014 8.1394 between

305.603 359.239 17.7520 8.1394 words
326.258 359.239 10.5316 8.1394 and
339.700 359.239 27.9481 8.1394 sentences
370.551 359.239 15.8047 8.1394 using
389.265 359.239 3.2382 8.1394 a
395.406 359.239 19.3346 8.1394 lexical
417.651 359.239 25.1110 8.1394 database
445.665 359.239 10.5316 8.1394 and
459.106 359.239 19.4440 8.1394 corpus
481.453 359.239 17.4238 8.1394 statis-

305.603 367.900 11.9538 8.1394 tics.
321.261 368.009 15.7974 8.0227 IEEE
339.218 368.009 50.8419 8.0227 TRANSACTIONS
392.218 368.009 10.1304 8.0227 ON
404.515 368.009 44.2049 8.0227 KNOWLEDGE
450.879 368.009 14.5867 8.0227 AND
467.624 368.009 17.3436 8.0227 DATA
487.127 368.009 11.7496 8.0227 EN-

305.603 376.670 40.3101 8.0227 GINEERING,
347.737 376.561 11.5454 8.1394 (pp.
361.106 376.561 18.8387 8.1394 1–14).

296.486 385.221 41.9294 8.1394 Rachabathuni,
340.859 385.221 5.0689 8.1394 P.
348.255 385.221 7.0891 8.1394 K.
357.663 385.221 21.2674 8.1394 (2017).
383.153 385.221 5.2658 8.1394 A
390.738 385.221 19.2252 8.1394 survey
412.283 385.221 7.2933 8.1394 on
421.903 385.221 31.3030 8.1394 abstractive
455.525 385.221 43.3516 8.1394 summarization

305.603 393.883 33.0169 8.1394 techniques.
342.982 393.883 6.0753 8.1394 In
351.422 393.992 26.4383 8.0227 Inventive
380.223 393.992 32.4189 8.0227 Computing
415.012 393.992 10.9400 8.0227 and
428.316 393.992 33.6296 8.0227 Informatics
464.308 393.992 23.6961 8.0227 (ICICI),
490.375 393.992 8.5040 8.0227 In-

305.603 402.653 32.4189 8.0227 ternational
339.846 402.653 33.3524 8.0227 Conference
375.021 402.653 7.2933 8.0227 on
384.138 402.543 11.5454 8.1394 (pp.
397.507 402.543 29.7787 8.1394 762–765).

296.486 411.204 35.9197 8.1394 Rananavare,
335.236 411.204 6.2796 8.1394 L.
344.141 411.204 8.5113 8.1394 B.,
355.482 411.204 5.6742 8.1394 &
363.782 411.204 20.3922 8.1394 Reddy,
386.997 411.204 5.0689 8.1394 P.
394.698 411.204 6.1483 8.1394 V.
403.472 411.204 5.8784 8.1394 S.
411.976 411.204 21.2674 8.1394 (2017).
438.444 411.204 8.9125 8.1394 An
449.982 411.204 26.7374 8.1394 overview
479.345 411.204 6.0753 8.1394 of
488.046 411.204 10.8306 8.1394 text

305.603 419.865 45.1749 8.1394 summarization.
355.018 419.974 38.4942 8.0227 International
395.839 419.974 22.5072 8.0227 Journal
420.673 419.974 5.6742 8.0227 of
428.674 419.974 29.1733 8.0227 Computer
460.181 419.974 38.6960 8.0227 Applications,

305.603 428.636 12.7632 8.0227 171,
320.190 428.526 16.4100 8.1394 1–17.

296.486 437.187 28.9764 8.1394 Rossiello,
327.994 437.187 8.9125 8.1394 G.,
339.437 437.187 20.0567 8.1394 Basile,
362.024 437.187 6.8922 8.1394 P.,
371.447 437.187 29.7714 8.1394 Semeraro,
403.750 437.187 8.9125 8.1394 G.,
415.193 437.187 19.2471 8.1394 Ciano,
436.978 437.187 8.3071 8.1394 M.
447.670 437.187 8.9125 8.1394 D.,
459.113 437.187 5.6742 8.1394 &
467.180 437.187 22.0769 8.1394 Grasso,
491.787 437.187 7.0891 8.1394 G.

305.603 445.848 21.2674 8.1394 (2016).
328.672 445.848 30.6831 8.1394 Improving
360.799 445.848 18.2260 8.1394 neural
380.470 445.848 31.3030 8.1394 abstractive
413.217 445.848 10.8306 8.1394 text
425.491 445.848 43.3516 8.1394 summarization
470.287 445.848 12.9676 8.1394 with
484.699 445.848 14.1782 8.1394 prior

305.603 454.508 33.6442 8.1394 knowledge.
341.873 454.508 6.0753 8.1394 In
349.772 454.618 37.6261 8.0227 URANIA-16.

296.486 463.170 16.8184 8.1394 Rush,
316.200 463.170 7.0891 8.1394 A.
325.966 463.170 10.1304 8.1394 M.,
338.985 463.170 23.2949 8.1394 Chopra,
365.175 463.170 7.7018 8.1394 S.,
375.765 463.170 5.6742 8.1394 &
384.123 463.170 23.5210 8.1394 Weston,
410.532 463.170 4.6604 8.1394 J.
417.869 463.170 21.2674 8.1394 (2015).
444.505 463.170 5.2658 8.1394 A
452.447 463.170 18.2260 8.1394 neural
473.350 463.170 25.5267 8.1394 attention

305.603 471.830 18.2333 8.1394 model
325.660 471.830 8.5040 8.1394 for
335.987 471.830 31.3030 8.1394 abstractive
369.114 471.830 25.1110 8.1394 sentence
396.048 471.830 45.1749 8.1394 summarization.

296.486 480.491 23.2949 8.1394 Sahooa,
322.764 480.491 8.9125 8.1394 D.,
334.652 480.491 19.6555 8.1394 Bhoib,
357.291 480.491 8.9125 8.1394 A.,
369.186 480.491 5.6742 8.1394 &
377.610 480.491 39.8289 8.1394 Balabantaray,
420.422 480.491 6.6880 8.1394 R.
429.860 480.491 6.6880 8.1394 C.
439.297 480.491 21.2674 8.1394 (2018).
466.151 480.491 20.6620 8.1394 Hybrid
489.563 480.491 9.3136 8.1394 ap-

305.603 489.152 19.8452 8.1394 proach
327.469 489.152 5.6742 8.1394 to
335.163 489.152 31.3030 8.1394 abstractive
368.487 489.152 45.1749 8.1394 summarization.
416.914 489.152 6.0753 8.1394 In
425.010 489.261 38.4942 8.0227 International
465.525 489.261 33.3524 8.0227 Conference

305.603 497.922 7.2933 8.0227 on
315.340 497.922 43.7673 8.0227 Computational
361.551 497.922 34.3589 8.0227 Intelligence
398.353 497.922 10.9400 8.0227 and
411.743 497.922 14.5867 8.0227 Data
428.773 497.922 22.2739 8.0227 Science
453.490 497.922 25.9278 8.0227 (ICCIDS
481.862 497.922 17.0154 8.0227 2018)

305.603 506.473 11.5454 8.1394 (pp.
318.972 506.473 37.0720 8.1394 1228–1237).

296.486 515.135 24.1118 8.1394 Singhal,
322.589 515.135 7.7018 8.1394 S.,
332.282 515.135 14.3825 8.1394 Vats,
348.656 515.135 8.9125 8.1394 A.,
359.559 515.135 5.6742 8.1394 &
367.195 515.135 25.3152 8.1394 Karnick,
394.502 515.135 5.0689 8.1394 P.
401.525 515.135 7.0891 8.1394 H.
410.576 515.135 6.6807 8.1394 ().
420.313 515.135 19.8452 8.1394 Neural
442.120 515.135 31.3030 8.1394 abstractive
475.377 515.135 23.4991 8.1394 summa-

305.603 523.795 24.1045 8.1394 rization.
332.333 523.904 8.9125 8.0227 IIT
343.069 523.904 22.2884 8.0227 Kanpur
367.181 523.904 21.8078 8.0227 Report,
390.812 523.795 1.8233 8.1394 .

296.486 532.456 16.8184 8.1394 Song,
315.340 532.456 8.9125 8.1394 K.,
326.294 532.456 16.8111 8.1394 Zhao,
345.140 532.456 8.1029 8.1394 L.,
355.285 532.456 5.6742 8.1394 &
362.951 532.456 11.9538 8.1394 Liu,
376.947 532.456 5.2950 8.1394 F.
384.233 532.456 24.5056 8.1394 (2018a).
411.918 532.456 50.6376 8.1394 Structure-infused
464.547 532.456 14.1053 8.1394 copy
480.650 532.456 18.2260 8.1394 mech-

305.603 541.117 20.2609 8.1394 naisms
327.972 541.117 8.5040 8.1394 for
338.577 541.117 31.3030 8.1394 abstractive
371.987 541.117 45.1749 8.1394 summarization.
420.692 541.117 6.0753 8.1394 In
428.874 541.226 36.1312 8.0227 Proceedings
467.113 541.226 5.6742 8.0227 of
474.888 541.226 8.9125 8.0227 the
485.908 541.226 12.9676 8.0227 27th

305.603 549.887 38.4942 8.0227 International
345.527 549.887 33.3524 8.0227 Conference
380.309 549.887 7.2933 8.0227 on
389.025 549.887 43.7673 8.0227 Computational
434.221 549.887 32.0178 8.0227 Linguistics
467.670 549.778 11.5454 8.1394 (pp.
480.645 549.778 18.2333 8.1394 1717–

305.603 558.439 18.8387 8.1394 1729).

296.486 567.100 16.8184 8.1394 Song,
315.821 567.100 7.7018 8.1394 S.,
326.039 567.100 21.2674 8.1394 Huang,
349.823 567.100 8.9125 8.1394 H.,
361.251 567.100 5.6742 8.1394 &
369.296 567.100 17.2196 8.1394 Ruan,
389.032 567.100 5.7399 8.1394 T.
397.149 567.100 24.9140 8.1394 (2018b).
426.461 567.100 33.3306 8.1394 Abstractive
462.169 567.100 10.8306 8.1394 text
475.377 567.100 23.4991 8.1394 summa-

305.603 575.761 22.2811 8.1394 rization
329.606 575.761 15.8047 8.1394 using
347.132 575.761 25.5267 8.1394 lstm-cnn
374.380 575.761 16.6069 8.1394 based
392.708 575.761 13.7698 8.1394 deep
408.199 575.761 25.7236 8.1394 learning.
436.329 575.870 27.9554 8.0227 Multimed
466.006 575.870 15.5421 8.0227 Tools
483.269 575.870 15.6077 8.0227 Appl,

305.603 584.531 5.4700 8.0227 1,
312.897 584.421 20.0567 8.1394 53–57.

296.486 593.083 22.7042 8.1394 Tanaka,
321.349 593.083 8.9125 8.1394 H.,
332.413 593.083 30.1871 8.1394 Kinoshita,
364.759 593.083 8.9125 8.1394 A.,
375.823 593.083 39.4570 8.1394 Kobayakawa,
417.439 593.083 7.5632 8.1394 T.,
427.161 593.083 26.8322 8.1394 Kumano,
456.145 593.083 7.5632 8.1394 T.,
465.867 593.083 5.6742 8.1394 &
473.627 593.083 16.0016 8.1394 Kato,
491.787 593.083 7.0891 8.1394 N.

305.603 601.743 21.2674 8.1394 (2009).
330.590 601.743 41.0323 8.1394 Syntax-driven
373.782 601.743 25.1110 8.1394 sentence
401.059 601.743 23.3168 8.1394 revision
426.542 601.743 8.5040 8.1394 for
437.204 601.743 27.9481 8.1394 broadcast
467.319 601.743 14.8055 8.1394 news
484.290 601.743 14.5867 8.1394 sum-

305.603 610.404 33.0169 8.1394 marization.
342.143 610.404 6.0753 8.1394 In
350.320 610.514 28.9035 8.0227 Workshop
381.324 610.514 7.2933 8.0227 on
390.725 610.514 29.0275 8.0227 Language
421.853 610.514 33.1118 8.0227 Generation
457.065 610.514 10.9400 8.0227 and
470.113 610.514 28.7649 8.0227 Summari-

305.603 619.174 17.8322 8.0227 sation
325.259 619.065 11.5454 8.1394 (pp.
338.627 619.065 22.4854 8.1394 39–47).

296.486 627.726 15.3379 8.1394 Tran,
314.348 627.726 7.5632 8.1394 T.,
324.427 627.726 26.9489 8.1394 Cimiano,
353.900 627.726 6.8922 8.1394 P.,
363.308 627.726 26.9489 8.1394 Rudolph,
392.780 627.726 7.7018 8.1394 S.,
402.998 627.726 5.6742 8.1394 &
411.057 627.726 20.5745 8.1394 Studer,
434.148 627.726 6.6880 8.1394 R.
443.214 627.726 21.2674 8.1394 (2007).
468.894 627.726 29.9829 8.1394 Ontology-

305.603 636.386 16.6069 8.1394 based
324.325 636.386 39.2965 8.1394 interpretation
365.730 636.386 6.0753 8.1394 of
373.920 636.386 28.1012 8.1394 keywords
404.129 636.386 8.5040 8.1394 for
414.748 636.386 25.9278 8.1394 semantic
442.791 636.386 20.4505 8.1394 search.
466.786 636.386 6.0753 8.1394 In
474.977 636.496 23.9003 8.0227 Interna-

305.603 645.157 17.0226 8.0227 tional
324.449 645.157 26.7374 8.0227 Semantic
353.010 645.157 12.2893 8.0227 Web
367.123 645.157 33.3524 8.0227 Conference
402.299 645.048 11.5454 8.1394 (pp.
415.668 645.048 29.7787 8.1394 523–563).

296.486 653.708 30.5810 8.1394 UzZaman,
329.029 653.708 8.9125 8.1394 N.,
339.904 653.708 24.9213 8.1394 Bigham,
366.787 653.708 4.6604 8.1394 J.
373.380 653.708 6.8922 8.1394 P.,
382.234 653.708 5.6742 8.1394 &
389.848 653.708 18.0291 8.1394 Allen,
409.839 653.708 4.6604 8.1394 J.
416.433 653.708 5.2950 8.1394 F.
423.660 653.708 21.2674 8.1394 (2011).
447.911 653.708 34.4464 8.1394 Multimodal
484.290 653.708 14.5867 8.1394 sum-

305.603 662.369 31.1936 8.1394 marization
338.620 662.369 6.0753 8.1394 of
346.519 662.369 25.0089 8.1394 complex
373.351 662.369 29.7714 8.1394 sentences.
405.748 662.369 6.0753 8.1394 In
413.647 662.479 17.4165 8.0227 IUI11
432.887 662.369 11.5454 8.1394 (pp.
446.255 662.369 29.7787 8.1394 595–598).

296.486 671.030 29.3703 8.1394 Vadapalli,
327.658 671.030 8.5113 8.1394 R.,
337.978 671.030 32.4335 8.1394 Kurisinkel,
372.213 671.030 6.2796 8.1394 L.
380.287 671.030 6.4838 8.1394 J.,
388.579 671.030 19.6483 8.1394 Gupta,
410.029 671.030 10.1304 8.1394 M.,
421.961 671.030 5.6742 8.1394 &
429.437 671.030 20.8589 8.1394 Varma,
452.097 671.030 6.1483 8.1394 V.
460.040 671.030 21.2674 8.1394 (2017).
483.881 671.030 14.9951 8.1394 Ssas:

305.603 679.691 27.1458 8.1394 Semantic
334.463 679.691 27.9627 8.1394 similarity
364.147 679.691 8.5040 8.1394 for
374.365 679.691 31.3030 8.1394 abstractive
407.382 679.691 45.1749 8.1394 summarization.
454.956 679.691 6.0753 8.1394 In
462.746 679.800 36.1312 8.0227 Proceedings

305.603 688.461 5.6742 8.0227 of
312.751 688.461 8.9125 8.0227 the
323.137 688.461 10.9400 8.0227 The
335.550 688.461 9.3209 8.0227 8th
346.344 688.461 38.4942 8.0227 International
386.319 688.461 14.4043 8.0227 Joint
402.196 688.461 33.3524 8.0227 Conference
437.022 688.461 7.2933 8.0227 on
445.789 688.461 22.5875 8.0227 Natural
469.849 688.461 29.0275 8.0227 Language

280.988 706.771 9.1166 10.1742 23

210.051 21.8897 72.3402 12.7684 ACCEPTED
285.891 21.8897 90.2327 12.7684 MANUSCRIPT

54.9470 623.773 45.6014 26.4027 A
79.5679 599.382 45.6014 24.3914 C
102.313 574.991 45.6014 24.3914 C
125.058 552.647 45.6014 22.3435 E
145.894 532.315 45.6014 20.3323 P
164.854 509.971 45.6014 22.3435 T
185.689 487.628 45.6014 22.3435 E
206.525 461.225 45.6014 26.4027 D

239.671 419.573 45.6014 32.5097 M

269.987 393.171 45.6014 26.4027 A
294.608 366.768 45.6014 26.4027 N
319.229 340.365 45.6014 26.4027 U
343.850 320.033 45.6014 20.3323 S
362.810 295.642 45.6014 24.3914 C
385.555 271.250 45.6014 24.3914 R
408.300 259.073 45.6014 12.1774 I
419.656 238.741 45.6014 20.3323 P
438.616 216.397 45.6014 22.3435 T

81.3334 134.167 32.0834 8.0227 Processing
115.240 134.057 11.5454 8.1394 (pp.
128.608 134.057 29.7787 8.1394 198–203).

72.2164 142.718 13.9449 8.1394 Viet,
88.4149 142.718 6.2796 8.1394 L.
96.8605 142.718 8.9125 8.1394 D.,
108.033 142.718 15.1993 8.1394 Sinh,
125.486 142.718 6.1483 8.1394 V.
133.801 142.718 7.5632 8.1394 T.,
143.618 142.718 17.6280 8.1394 Minh,
163.499 142.718 7.0891 8.1394 N.
172.762 142.718 8.1029 8.1394 L.,
183.118 142.718 5.6742 8.1394 &
190.959 142.718 18.4376 8.1394 Satoh,
211.650 142.718 7.0891 8.1394 K.
220.912 142.718 21.2674 8.1394 (2017).
245.907 142.718 28.6993 8.1394 Convamr:

81.3334 151.379 24.7098 8.1394 Abstract
108.727 151.379 25.1183 8.1394 meaning
136.522 151.379 41.3168 8.1394 representation
180.522 151.379 21.4716 8.1394 parsing
204.671 151.379 8.5040 8.1394 for
215.859 151.379 14.0324 8.1394 legal
232.575 151.379 30.5883 8.1394 document.
268.531 151.379 6.0753 8.1394 In

81.3334 160.149 30.7925 8.0227 SCIDOCA
113.948 160.040 11.5454 8.1394 (pp.
127.317 160.040 15.1920 8.1394 1–7).

72.2164 168.701 17.1831 8.1394 Vilca,
91.3249 168.701 7.0891 8.1394 G.
100.317 168.701 6.6880 8.1394 C.
108.909 168.701 7.9716 8.1394 V.,
118.806 168.701 5.6742 8.1394 &
126.384 168.701 30.9894 8.1394 Cabezudo,
159.298 168.701 8.3071 8.1394 M.
169.509 168.701 7.0891 8.1394 A.
178.509 168.701 5.8784 8.1394 S.
186.291 168.701 21.2674 8.1394 (2017).
210.447 168.701 5.2658 8.1394 A
217.616 168.701 15.8047 8.1394 study
235.324 168.701 6.0753 8.1394 of
243.303 168.701 31.3030 8.1394 abstractive

81.3334 177.361 43.3516 8.1394 summarization
126.697 177.361 15.8047 8.1394 using
144.515 177.361 25.9278 8.1394 semantic
172.449 177.361 44.1539 8.1394 representations
218.615 177.361 10.5316 8.1394 and
231.160 177.361 27.5469 8.1394 discourse
260.720 177.361 13.8865 8.1394 level

81.3334 186.023 36.2625 8.1394 information.
119.617 186.132 27.8824 8.0227 Springer:
149.622 186.132 13.5656 8.0227 Text,
164.785 186.132 22.3687 8.0227 Speech,
188.758 186.132 10.9400 8.0227 and
201.237 186.132 28.9004 8.0227 Dialogue,
231.735 186.023 11.5454 8.1394 (pp.
244.826 186.023 29.7787 8.1394 482–490).

72.2164 194.683 18.6564 8.1394 Wang,
93.1118 194.683 8.1029 8.1394 L.,
103.453 194.683 5.6742 8.1394 &
111.279 194.683 15.6004 8.1394 Ling,
129.119 194.683 8.0373 8.1394 W.
139.315 194.683 21.2674 8.1394 (2016).
164.265 194.683 19.8452 8.1394 Neural
186.269 194.683 42.8629 8.1394 network-based
231.284 194.683 22.6823 8.1394 abstract
256.125 194.683 18.4813 8.1394 gener-

81.3334 203.344 14.5867 8.1394 ation
97.8674 203.344 8.5040 8.1394 for
108.311 203.344 25.1255 8.1394 opinions
135.384 203.344 10.5316 8.1394 and
147.863 203.344 32.0761 8.1394 arguments.
182.951 203.344 6.0753 8.1394 In
190.971 203.454 36.1312 8.0227 Proceedings
229.050 203.454 5.6742 8.0227 of
236.664 203.454 37.9399 8.0227 NAACL-HLT

81.3334 212.114 14.5867 8.0227 2016
97.8964 212.005 11.5454 8.1394 (pp.
111.265 212.005 22.4854 8.1394 47–57).

72.2164 220.666 19.6483 8.1394 Xiang,
94.3662 220.666 8.5113 8.1394 C.,
105.386 220.666 17.2196 8.1394 Jiang,
125.107 220.666 7.5632 8.1394 T.,
135.172 220.666 20.8662 8.1394 Chang,
158.547 220.666 8.5113 8.1394 B.,
169.560 220.666 5.6742 8.1394 &
177.605 220.666 11.5526 8.1394 Sui,
191.659 220.666 6.2796 8.1394 Z.
200.309 220.666 21.2674 8.1394 (2015).
225.945 220.666 21.0705 8.1394 Ersom:
250.363 220.666 5.2658 8.1394 A
257.999 220.666 16.6069 8.1394 struc-

81.3334 229.326 13.3687 8.1394 tural
96.6713 229.326 25.9351 8.1394 ontology
124.582 229.326 27.1458 8.1394 matching
153.697 229.326 26.7301 8.1394 approach
182.404 229.326 15.8047 8.1394 using
200.178 229.326 39.7049 8.1394 automatically
241.859 229.326 21.4643 8.1394 learned
265.293 229.326 9.3136 8.1394 en-

81.3334 237.988 9.7293 8.1394 tity
93.0246 237.988 43.1401 8.1394 representation.
139.220 237.988 6.0753 8.1394 In
147.256 238.097 36.1312 8.0227 Proceedings
185.349 238.097 5.6742 8.0227 of
192.978 238.097 14.5867 8.0227 2015
209.526 238.097 33.3524 8.0227 Conference
244.841 238.097 7.2933 8.0227 on
254.089 238.097 20.5162 8.0227 Empir-

81.3334 246.757 10.9400 8.0227 ical
94.0967 246.757 25.1183 8.0227 Methods
121.038 246.757 5.6742 8.0227 in
128.535 246.757 22.5875 8.0227 Natural
152.946 246.757 29.0275 8.0227 Language
183.797 246.757 32.0834 8.0227 Processing
217.704 246.648 11.5454 8.1394 (pp.
231.072 246.648 37.0720 8.1394 2419–2429).

72.2164 255.309 16.8914 8.1394 Yang,
91.5218 255.309 8.9125 8.1394 Q.,
102.848 255.309 35.7446 8.1394 Passonneau,
141.007 255.309 6.6880 8.1394 R.
149.992 255.309 6.4838 8.1394 J.,
158.897 255.309 5.6742 8.1394 &
166.862 255.309 6.8849 8.1394 de
176.044 255.309 17.2196 8.1394 Melo,
195.685 255.309 7.0891 8.1394 G.
205.064 255.309 21.2674 8.1394 (2016).
230.474 255.309 16.2058 8.1394 Peak:
249.889 255.309 24.7171 8.1394 Pyramid

81.3334 263.970 30.0194 8.1394 evaluation
113.154 263.970 8.9125 8.1394 via
123.868 263.970 30.3840 8.1394 automated
156.046 263.970 31.8208 8.1394 knowledge
189.668 263.970 30.8800 8.1394 extraction.
223.123 263.970 6.0753 8.1394 In
231.001 264.079 36.1312 8.0227 Proceedings
268.934 264.079 5.6742 8.0227 of

81.3334 272.740 8.9125 8.0227 the
91.7847 272.740 25.5340 8.0227 Thirtieth
118.857 272.740 15.7974 8.0227 AAAI
136.193 272.740 33.3524 8.0227 Conference
171.085 272.740 7.2933 8.0227 on
179.917 272.740 25.9351 8.0227 Artiﬁcial
207.391 272.740 34.3589 8.0227 Intelligence
243.289 272.631 11.5454 8.1394 (pp.
256.373 272.631 18.2333 8.1394 2673–

81.3334 281.291 18.8387 8.1394 2679).

72.2164 289.953 6.8849 8.1394 ge
81.7123 289.953 13.2447 8.1394 Yao,
97.7576 289.953 6.4838 8.1394 J.,
107.049 289.953 15.0097 8.1394 Wan,
124.867 289.953 8.9125 8.1394 X.,
136.580 289.953 5.6742 8.1394 &
144.865 289.953 16.0016 8.1394 Xiao,
163.674 289.953 4.6604 8.1394 J.
170.946 289.953 21.2674 8.1394 (2015).
197.348 289.953 38.4796 8.1394 Phrase-based
238.438 289.953 36.1677 8.1394 compressive

81.3334 298.613 43.7454 8.1394 cross-language
126.515 298.613 45.1749 8.1394 summarization.
173.484 298.613 6.0753 8.1394 In
181.001 298.722 36.1312 8.0227 Proceedings
218.569 298.722 5.6742 8.0227 of
225.687 298.722 8.9125 8.0227 the
236.036 298.722 14.5867 8.0227 2015
252.060 298.722 22.5437 8.0227 Confer-

81.3334 307.384 13.3614 8.0227 ence
96.8682 307.384 7.2933 8.0227 on
106.342 307.384 29.1733 8.0227 Empirical
137.689 307.384 25.1183 8.0227 Methods
164.980 307.384 5.6742 8.0227 in
172.835 307.384 22.5875 8.0227 Natural
197.596 307.384 29.0275 8.0227 Language
228.804 307.384 32.0834 8.0227 Processing
263.061 307.274 11.5454 8.1394 (pp.

81.3334 315.935 29.7787 8.1394 118–127).

72.2164 324.596 13.2447 8.1394 Yao,
87.2479 324.596 4.6604 8.1394 J.
93.6952 324.596 8.9125 8.1394 G.,
104.394 324.596 38.5088 8.1394 XiaojunWan,
144.690 324.596 5.6742 8.1394 &
152.144 324.596 16.0016 8.1394 Xiao,
169.939 324.596 4.6604 8.1394 J.
176.379 324.596 21.2674 8.1394 (2017).
200.178 324.596 20.2536 8.1394 Recent
222.218 324.596 26.5477 8.1394 advances
250.545 324.596 5.6742 8.1394 in
257.999 324.596 16.6069 8.1394 docu-

81.3334 333.256 14.5867 8.1394 ment
97.7434 333.256 45.1749 8.1394 summarization.
145.544 333.366 32.7471 8.0227 Knowledge
180.114 333.366 34.8476 8.0227 Information
216.785 333.366 24.9138 8.0227 Systems,
243.522 333.256 1.8233 8.1394 .

72.2164 341.918 43.9715 8.1394 Yousﬁ-Monod,
118.536 341.918 10.1304 8.1394 M.,
131.015 341.918 5.6742 8.1394 &
138.935 341.918 20.4578 8.1394 Prince,
161.734 341.918 6.1483 8.1394 V.
170.129 341.918 21.2674 8.1394 (2008).
195.364 341.918 26.3289 8.1394 Sentence
223.939 341.918 36.8678 8.1394 compression
263.046 341.918 6.0753 8.1394 as
271.368 341.918 3.2382 8.1394 a

81.3334 350.578 11.7496 8.1394 step
95.0886 350.578 5.6742 8.1394 in
102.775 350.578 43.3516 8.1394 summarization
148.133 350.578 6.0753 8.1394 or
156.214 350.578 6.8849 8.1394 an
165.111 350.578 30.4934 8.1394 alternative
197.611 350.578 12.5591 8.1394 path
212.175 350.578 5.6742 8.1394 in
219.863 350.578 10.8306 8.1394 text
232.699 350.578 32.6158 8.1394 shortening.
268.531 350.578 6.0753 8.1394 In

103.016 359.349 14.5867 8.0227 2008
119.426 359.239 11.5454 8.1394 (pp.
132.795 359.239 29.7787 8.1394 139–142).

72.2164 367.900 9.9262 8.1394 Yu,
84.5275 367.900 8.9125 8.1394 N.,
95.8176 367.900 20.4578 8.1394 Zhang,
118.660 367.900 6.4838 8.1394 J.,
127.521 367.900 21.2674 8.1394 Huang,
151.174 367.900 10.1304 8.1394 M.,
163.682 367.900 5.6742 8.1394 &
171.631 367.900 13.5729 8.1394 Zhu,
187.582 367.900 7.0891 8.1394 X.
196.939 367.900 21.2674 8.1394 (2018).
222.269 367.900 8.9125 8.1394 An
233.450 367.900 27.5469 8.1394 operation
263.265 367.900 11.3411 8.1394 net-

81.3334 376.561 14.9149 8.1394 work
98.3195 376.561 8.5040 8.1394 for
108.902 376.561 31.3030 8.1394 abstractive
142.283 376.561 25.1110 8.1394 sentence
169.466 376.561 38.6912 8.1394 compression.
211.585 376.561 6.0753 8.1394 In
219.738 376.670 36.1312 8.0227 Proceedings
257.948 376.670 5.6742 8.0227 of
265.693 376.670 8.9125 8.0227 the

81.3334 385.331 12.9676 8.0227 27th
96.6056 385.331 38.4942 8.0227 International
137.404 385.331 33.3524 8.0227 Conference
173.061 385.331 7.2933 8.0227 on
182.667 385.331 43.7673 8.0227 Computational
228.739 385.331 32.0178 8.0227 Linguistics
263.061 385.221 11.5454 8.1394 (pp.

81.3334 393.883 37.0720 8.1394 1065–1076).

72.2164 402.543 16.8111 8.1394 Zajic,
91.6312 402.543 7.0891 8.1394 D.
101.163 402.543 10.1304 8.1394 M.,
113.890 402.543 11.9538 8.1394 Lin,
128.448 402.543 6.4838 8.1394 J.,
137.535 402.543 15.3014 8.1394 Dorr,
155.433 402.543 6.6880 8.1394 B.
164.564 402.543 6.4838 8.1394 J.,
173.652 402.543 5.6742 8.1394 &
181.769 402.543 28.8889 8.1394 Schwartz,
213.262 402.543 6.6880 8.1394 R.
222.393 402.543 21.2674 8.1394 (2006).
248.277 402.543 26.3289 8.1394 Sentence

81.3334 411.204 36.8678 8.1394 compression
120.403 411.204 6.0753 8.1394 as
128.681 411.204 3.2382 8.1394 a
134.122 411.204 32.4116 8.1394 component
168.736 411.204 6.0753 8.1394 of
177.014 411.204 3.2382 8.1394 a
182.455 411.204 46.5971 8.1394 multi-document
231.255 411.204 43.3516 8.1394 summarization

81.3334 419.865 22.0842 8.1394 system.
106.043 419.865 6.0753 8.1394 In
113.941 419.974 14.5867 8.0227 2006
130.351 419.974 29.9756 8.0227 Document
162.150 419.974 43.6871 8.0227 Understanding
207.661 419.974 35.1757 8.0227 Conference.

72.2164 428.526 20.4578 8.1394 Zhang,
95.0080 428.526 6.4838 8.1394 J.,
103.833 428.526 17.2196 8.1394 Zhou,
123.386 428.526 7.9716 8.1394 Y.,
133.699 428.526 5.6742 8.1394 &
141.605 428.526 17.2196 8.1394 Zong,
161.165 428.526 6.6880 8.1394 C.
170.085 428.526 21.2674 8.1394 (2016).
195.298 428.526 33.3306 8.1394 Abstractive
230.861 428.526 43.7454 8.1394 cross-language

81.3334 437.187 43.3516 8.1394 summarization
128.426 437.187 8.9125 8.1394 via
141.080 437.187 30.7925 8.1394 translation
175.614 437.187 18.2333 8.1394 model
197.596 437.187 27.5396 8.1394 enhanced
228.877 437.187 26.7301 8.1394 predicate
259.349 437.187 15.2577 8.1394 argu-

81.3334 445.848 14.5867 8.1394 ment
98.5238 445.848 25.5194 8.1394 structure
126.646 445.848 20.0567 8.1394 fusing.
151.821 445.957 29.8655 8.0227 EEE/ACM
184.290 445.957 50.8419 8.0227 TRANSACTIONS
237.736 445.957 10.1304 8.0227 ON
250.463 445.957 24.1409 8.0227 AUDIO,

81.3334 454.618 28.9691 8.0227 SPEECH,
112.125 454.618 14.5867 8.0227 AND
128.535 454.618 37.5388 8.0227 LANGUAGE
167.898 454.618 44.8836 8.0227 PROCESSING,
214.604 454.508 11.5454 8.1394 (pp.
227.973 454.508 18.8387 8.1394 1–25).

72.2164 463.170 20.4578 8.1394 Zhang,
95.6353 463.170 8.9125 8.1394 X.,
107.501 463.170 20.8662 8.1394 Cheng,
131.328 463.170 8.9125 8.1394 G.,
143.195 463.170 5.6742 8.1394 &
151.604 463.170 10.7358 8.1394 Qu,
165.293 463.170 6.1483 8.1394 Y.
174.169 463.170 21.2674 8.1394 (2011).
200.972 463.170 27.5542 8.1394 Ontology
231.254 463.170 43.3516 8.1394 summarization

81.3334 471.830 16.6069 8.1394 based
99.5959 471.830 7.2933 8.1394 on
108.537 471.830 8.5040 8.1394 rdf
118.697 471.830 25.1110 8.1394 sentence
145.456 471.830 18.4303 8.1394 graph.
166.147 471.830 6.0753 8.1394 In
173.873 471.939 18.2260 8.0227 WWW
193.755 471.939 14.5867 8.0227 2007
209.991 473.405 1.3201 6.4838 /
212.964 471.939 18.7876 8.0227 Track:
233.925 471.939 26.7374 8.0227 Semantic
262.318 471.939 12.2893 8.0227 Web

81.3334 480.491 11.5454 8.1394 (pp.
94.7021 480.491 29.7787 8.1394 707–715).

280.988 706.771 9.1166 10.1742 24

210.051 21.8897 72.3402 12.7684 ACCEPTED
285.891 21.8897 90.2327 12.7684 MANUSCRIPT

54.9470 623.773 45.6014 26.4027 A
79.5679 599.382 45.6014 24.3914 C
102.313 574.991 45.6014 24.3914 C
125.058 552.647 45.6014 22.3435 E
145.894 532.315 45.6014 20.3323 P
164.854 509.971 45.6014 22.3435 T
185.689 487.628 45.6014 22.3435 E
206.525 461.225 45.6014 26.4027 D

239.671 419.573 45.6014 32.5097 M

269.987 393.171 45.6014 26.4027 A
294.608 366.768 45.6014 26.4027 N
319.229 340.365 45.6014 26.4027 U
343.850 320.033 45.6014 20.3323 S
362.810 295.642 45.6014 24.3914 C
385.555 271.250 45.6014 24.3914 R
408.300 259.073 45.6014 12.1774 I
419.656 238.741 45.6014 20.3323 P
438.616 216.397 45.6014 22.3435 T

77.6867 130.086 23.2449 9.1568 Author

149.344 131.724 19.8533 7.1219 Method

281.720 131.724 19.1385 7.1219 Dataset

333.137 131.724 27.4921 7.1219 Evaluation
362.224 131.724 21.9720 7.1219 Measure

425.031 131.724 34.3652 7.1219 Single/Multi-

425.031 139.017 26.5859 7.1219 Document

77.6867 146.675 24.0396 7.1219 (Belkebir
103.315 146.675 4.9649 7.1219 &
109.863 146.675 28.5387 7.1219 Guessoum,

77.6867 153.969 14.8884 7.1219 2016)

149.344 146.675 21.2700 7.1219 Concept
172.209 146.675 17.3772 7.1219 Fusion
191.182 146.675 9.2151 7.1219 and
201.993 146.675 37.5687 7.1219 Generalization

425.031 146.675 45.0224 7.1219 Single-Document

77.6867 161.626 20.2043 7.1219 (COHN
103.226 161.626 4.9649 7.1219 &
113.526 161.626 24.8756 7.1219 LAPATA,

77.6867 168.920 14.8884 7.1219 2013)

149.344 161.626 23.0377 7.1219 Sentence
173.977 161.626 33.6823 7.1219 Compression
209.255 161.626 25.1628 7.1219 Approach

281.720 161.626 28.5451 7.1219 Newspaper

281.720 168.920 18.4302 7.1219 articles

309.792 168.920 12.4059 7.1219 from

281.720 176.213 17.3772 7.1219 British

312.632 176.213 9.5661 7.1219 Na-

281.720 183.507 14.5374 7.1219 tional
297.852 183.507 18.4365 7.1219 Corpus

333.137 161.626 18.7875 7.1219 Human

365.364 161.626 15.5967 7.1219 Based

394.407 161.626 19.6873 7.1219 Evalua-

333.137 168.920 41.8316 7.1219 tion(Spearman’s

387.553 168.920 26.5389 7.1219 coeﬃcient

333.137 176.213 7.4410 7.1219 for
342.173 176.213 29.3045 7.1219 distribution
373.073 176.213 5.3159 7.1219 of
379.984 176.213 19.4959 7.1219 ratings)

425.031 161.626 45.0224 7.1219 Single-Document

77.6867 191.164 26.1456 7.1219 (Bhargava
105.427 191.164 4.6075 7.1219 et
111.630 191.164 7.7984 7.1219 al.,
121.024 191.164 14.8884 7.1219 2016)

149.344 191.164 23.3951 7.1219 Structure
174.335 191.164 33.6695 7.1219 Based(Graph
209.599 191.164 15.5967 7.1219 Based
226.792 192.536 4.0587 5.7499 +
232.446 191.164 12.0549 7.1219 Rule
246.096 191.164 17.7218 7.1219 Based)

281.720 191.164 13.4716 7.1219 DUC
296.787 191.164 12.7633 7.1219 2002

333.137 191.164 28.4557 7.1219 ROUGE-N

425.031 191.164 45.0224 7.1219 Single-Document

77.6867 198.822 28.9088 7.1219 (Kurisinkel
108.101 198.822 4.6075 7.1219 et
114.215 198.822 7.7984 7.1219 al.,
123.513 198.822 14.8884 7.1219 2017)

149.344 198.822 11.4678 7.1219 Tree
162.407 198.822 15.5967 7.1219 Based

281.720 198.822 13.4716 7.1219 DUC

307.840 198.822 14.3587 7.1219 2004,

281.720 206.116 13.4716 7.1219 DUC

307.840 206.116 14.3587 7.1219 2007,

281.720 213.409 11.9145 7.1219 TAC
295.230 213.409 12.7633 7.1219 2011

333.137 198.822 21.7231 7.1219 ROUGE
356.902 198.822 18.6088 7.1219 Metric,
377.668 198.822 18.7875 7.1219 Human
398.497 198.822 15.5967 7.1219 Based

333.137 206.116 27.4921 7.1219 Evaluation

425.031 198.822 42.8974 7.1219 Multi-Document

77.6867 221.067 39.0046 7.1219 (Yousﬁ-Monod

133.436 221.067 4.9649 7.1219 &

77.6867 228.361 17.9005 7.1219 Prince,
97.1826 228.361 14.8884 7.1219 2008)

149.344 221.067 29.1896 7.1219 Tree-Based
180.129 221.067 23.0377 7.1219 Sentence
204.762 221.067 33.6823 7.1219 Compression

281.720 221.067 23.4015 7.1219 Opinions

281.720 228.361 17.7218 7.1219 dataset

333.137 221.067 33.6823 7.1219 Compression
373.749 221.067 13.2929 7.1219 Rate,
395.306 221.067 18.7875 7.1219 Human

333.137 228.361 27.4921 7.1219 Evaluation

425.031 221.067 45.0224 7.1219 Single-Document

77.6867 236.019 20.2043 7.1219 (Baralis
99.4864 236.019 4.6075 7.1219 et
105.689 236.019 7.7984 7.1219 al.,
115.083 236.019 14.8884 7.1219 2013)

149.344 236.019 39.4194 7.1219 Yago-Ontology
190.359 236.019 15.5967 7.1219 Based

281.720 236.019 13.4716 7.1219 DUC
296.787 236.019 12.7633 7.1219 2004

333.137 236.019 23.0441 7.1219 Maximal

366.583 236.019 23.2802 7.1219 Marginal

400.271 236.019 13.8226 7.1219 Rele-

333.137 243.312 36.1711 7.1219 vance(MMR),
372.460 243.312 18.7875 7.1219 Human
394.407 243.312 19.6873 7.1219 Evalua-

333.137 250.605 9.9298 7.1219 tion

425.031 236.019 45.0224 7.1219 Single-Document

77.6867 258.263 23.7461 7.1219 (Barzilay
103.328 258.263 4.9649 7.1219 &
110.188 258.263 28.2132 7.1219 McKeown,

77.6867 265.557 14.8884 7.1219 2005)

149.344 258.263 11.4678 7.1219 Tree
162.407 258.263 15.5967 7.1219 Based

281.720 258.263 13.4716 7.1219 DUC
296.787 258.263 12.7633 7.1219 2002

333.137 258.263 18.7875 7.1219 Human

365.364 258.263 15.5967 7.1219 Based

394.407 258.263 19.6873 7.1219 Evalua-

333.137 265.557 47.3326 7.1219 tion,(Compression

398.670 265.557 15.4244 7.1219 Ratio,

333.137 272.850 33.3185 7.1219 Grammatical
368.051 272.850 32.2528 7.1219 Correctness)

425.031 258.263 42.8974 7.1219 Multi-Document

77.6867 280.508 12.7569 7.1219 (Oya
92.0390 280.508 4.6075 7.1219 et
98.2420 280.508 7.7984 7.1219 al.,
107.635 280.508 14.8884 7.1219 2014)

149.344 280.508 23.6567 7.1219 Template
174.596 280.508 15.5967 7.1219 Based

281.720 280.508 12.4059 7.1219 AMI
295.721 280.508 18.4365 7.1219 Corpus

333.137 280.508 28.6344 7.1219 ROUGE-1,

385.460 280.508 28.6344 7.1219 ROUGE-2,

333.137 287.801 35.1947 7.1219 ROUGE-SU4

425.031 280.508 45.0224 7.1219 Single-Document

77.6867 295.459 19.4895 7.1219 (Gerani
98.7717 295.459 4.6075 7.1219 et
104.974 295.459 7.7984 7.1219 al.,
114.368 295.459 14.8884 7.1219 2014)

149.344 295.459 25.5202 7.1219 Discourse
176.460 295.459 23.3951 7.1219 Structure
201.450 296.831 4.0587 5.7499 +
207.104 295.459 23.6567 7.1219 Template
232.356 295.459 15.5967 7.1219 Based

281.720 295.459 21.6593 7.1219 Reviews
309.792 295.459 12.4059 7.1219 from

281.720 302.753 34.2056 7.1219 Amazon.com

281.720 310.046 9.2151 7.1219 and
292.530 310.046 24.6395 7.1219 Cnet.com

333.137 295.459 18.7875 7.1219 Human
353.520 295.459 15.5967 7.1219 Based
370.712 295.459 27.4921 7.1219 Evaluation

425.031 295.459 42.8974 7.1219 Multi-Document

77.6867 317.704 24.8054 7.1219 (Banerjee
104.087 317.704 4.6075 7.1219 et
110.290 317.704 7.7984 7.1219 al.,
119.684 317.704 14.8884 7.1219 2017)

149.344 317.704 15.9477 7.1219 Graph
166.887 317.704 15.5967 7.1219 Based
184.079 319.076 4.0587 5.7499 +
189.733 317.704 9.5725 7.1219 ILP

281.720 317.704 13.4716 7.1219 DUC
297.706 317.704 12.7633 7.1219 2004
312.983 317.704 9.2151 7.1219 and

281.720 324.997 13.4716 7.1219 DUC
296.787 324.997 12.7633 7.1219 2005

333.137 317.704 28.6344 7.1219 ROUGE-2,

384.751 317.704 29.3428 7.1219 ROUGE-L,

333.137 324.997 35.1947 7.1219 ROUGE-SU4
377.208 324.997 9.2151 7.1219 and
395.306 324.997 18.7875 7.1219 Human

333.137 332.291 27.4921 7.1219 Evaluation

425.031 317.704 42.8974 7.1219 Multi-Document

77.6867 339.949 19.8469 7.1219 (Genest
103.526 339.949 4.9649 7.1219 &
114.476 339.949 23.9248 7.1219 Lapalme,

77.6867 347.242 14.8884 7.1219 2011)

149.344 339.949 12.7569 7.1219 INIT
163.696 339.949 15.5967 7.1219 Based

333.137 339.949 21.6274 7.1219 Pyramid
356.149 339.949 16.1264 7.1219 Score,
373.705 339.949 25.8839 7.1219 Linguistic
400.980 339.949 13.1143 7.1219 qual-

333.137 347.242 6.7390 7.1219 ity
343.022 347.242 9.2151 7.1219 and
355.383 347.242 17.5304 7.1219 overall
376.066 347.242 38.0282 7.1219 responsiveness

333.137 354.536 13.4653 7.1219 score

425.031 339.949 42.8974 7.1219 Multi-Document

77.6867 362.194 20.9126 7.1219 (Sahooa
100.194 362.194 4.6075 7.1219 et
106.397 362.194 7.7984 7.1219 al.,
115.791 362.194 14.8884 7.1219 2018)

149.344 362.194 12.0549 7.1219 Rule
162.994 362.194 15.5967 7.1219 Based

281.720 362.194 13.4716 7.1219 DUC
296.787 362.194 12.7633 7.1219 2002

333.137 362.194 28.6344 7.1219 ROUGE-1,
368.357 362.194 28.6344 7.1219 ROUGE-2,
403.577 362.194 10.5169 7.1219 Avg

333.137 369.487 25.3479 7.1219 Precision,
360.865 369.487 10.5169 7.1219 Avg
373.609 369.487 16.3051 7.1219 Recall
392.135 369.487 9.2151 7.1219 and
403.577 369.487 10.5169 7.1219 Avg

333.137 376.780 20.2043 7.1219 F-Score

425.031 362.194 45.0224 7.1219 Single-Document

77.6867 384.438 15.9477 7.1219 (Khan
95.2299 384.438 4.6075 7.1219 et
101.432 384.438 7.7984 7.1219 al.,
110.826 384.438 14.8884 7.1219 2018)

149.344 384.438 23.7524 7.1219 Semantic
174.692 384.438 15.9477 7.1219 Graph
192.235 384.438 15.5967 7.1219 Based
209.427 384.438 38.9982 7.1219 Summarization

281.720 384.438 13.4716 7.1219 DUC
296.787 384.438 12.7633 7.1219 2002

333.137 384.438 28.6344 7.1219 ROUGE-1,
370.520 384.438 27.0390 7.1219 ROUGE-2
404.879 384.438 9.2151 7.1219 and

333.137 391.731 21.6274 7.1219 Pyramid
356.359 391.731 17.0134 7.1219 Scores

425.031 384.438 42.8974 7.1219 Multi-Document

77.6867 399.389 25.0990 7.1219 (Bartakke
104.381 399.389 4.6075 7.1219 et
110.584 399.389 7.7984 7.1219 al.,
119.977 399.389 14.8884 7.1219 2016)

149.344 399.389 23.7524 7.1219 Semantic
174.692 399.389 15.9477 7.1219 Graph
192.235 399.389 15.5967 7.1219 Based
209.427 399.389 38.9982 7.1219 Summarization

333.137 399.389 23.7524 7.1219 Precision
358.484 399.389 9.2151 7.1219 and
369.295 399.389 16.3051 7.1219 Recall

425.031 399.389 42.8974 7.1219 Multi-Document

77.6867 407.048 24.2949 7.1219 (Moawad
111.069 407.048 4.9649 7.1219 &
125.115 407.048 13.2866 7.1219 Aref,

77.6867 414.341 14.8884 7.1219 2012)

149.344 407.048 12.0549 7.1219 Rich
162.994 407.048 23.7524 7.1219 Semantic
188.342 407.048 15.9477 7.1219 Graph
205.885 407.048 15.5967 7.1219 Based
223.077 407.048 38.9982 7.1219 Summarization

281.720 407.048 23.3887 7.1219 Graduate

281.720 414.341 19.5023 7.1219 Student
302.817 414.341 9.4767 7.1219 text

333.137 407.048 32.2592 7.1219 compression
366.991 407.048 9.5661 7.1219 rate

425.031 407.048 45.0224 7.1219 Single-Document

77.6867 421.999 10.9892 7.1219 (Liu
90.2713 421.999 4.6075 7.1219 et
96.4743 421.999 7.7984 7.1219 al.,
105.868 421.999 14.8884 7.1219 2015)

149.344 421.999 14.5374 7.1219 AMR
165.477 421.999 15.9477 7.1219 Graph
183.020 421.999 15.5967 7.1219 Based
200.212 421.999 38.9982 7.1219 Summarization

281.720 421.999 14.5374 7.1219 AMR
297.852 421.999 13.4716 7.1219 Bank

333.137 421.999 27.0390 7.1219 ROUGE-1

425.031 421.999 45.0224 7.1219 Single-Document

77.6867 429.657 8.8577 7.1219 (Le
88.1399 429.657 4.9649 7.1219 &
94.7002 429.657 8.3280 7.1219 Le,
104.623 429.657 14.8884 7.1219 2013)

149.344 429.657 23.7524 7.1219 Syntactic
175.336 429.657 9.2151 7.1219 and
186.785 429.657 25.5202 7.1219 Discourse
214.545 429.657 14.5374 7.1219 Rules
231.316 429.657 15.5967 7.1219 Based
249.153 429.657 21.6274 7.1219 Summa-

149.344 436.950 19.4959 7.1219 rization

281.720 429.657 32.5783 7.1219 Vietanamese

281.720 436.950 33.7716 7.1219 NewsPaperss

333.137 429.657 27.0390 7.1219 ROUGE-1
361.771 429.657 9.2151 7.1219 and
372.581 429.657 27.0390 7.1219 ROUGE-2

425.031 429.657 45.0224 7.1219 Single-Document

77.6867 444.609 24.0971 7.1219 (Ganesan
103.379 444.609 4.6075 7.1219 et
109.582 444.609 7.7984 7.1219 al.,
118.975 444.609 14.8884 7.1219 2010)

149.344 444.609 15.9477 7.1219 Graph
166.887 444.609 15.5967 7.1219 Based
184.079 444.609 29.1641 7.1219 Abstractive
214.839 444.609 38.9982 7.1219 Summarization

281.720 444.609 24.4672 7.1219 Opiniosis

281.720 451.902 19.1385 7.1219 Dataset

333.137 444.609 28.6344 7.1219 ROUGE-1,

385.460 444.609 28.6344 7.1219 ROUGE-2,

333.137 451.902 35.1947 7.1219 ROUGE-SU4

425.031 444.609 45.0224 7.1219 Single-Document

77.6867 459.559 18.4302 7.1219 (Zhang
97.7123 459.559 4.6075 7.1219 et
103.915 459.559 7.7984 7.1219 al.,
113.309 459.559 14.8884 7.1219 2016)

149.344 459.559 41.8252 7.1219 Cross-Language
193.403 459.559 23.7461 7.1219 Predicate
219.389 459.559 25.7627 7.1219 Argument
247.385 459.559 23.3951 7.1219 Structure

149.344 466.853 15.5967 7.1219 Based
166.536 466.853 29.1641 7.1219 Abstractive
197.296 466.853 38.9982 7.1219 Summarization

281.720 459.559 13.4716 7.1219 DUC
296.787 459.559 12.7633 7.1219 2001

333.137 459.559 28.6344 7.1219 ROUGE-1,

385.460 459.559 28.6344 7.1219 ROUGE-2,

333.137 466.853 35.1947 7.1219 ROUGE-SU4

425.031 459.559 42.8974 7.1219 Multi-Document

77.6867 474.511 15.5648 7.1219 (Vilca
99.7863 474.511 4.9649 7.1219 &
111.286 474.511 27.1156 7.1219 Cabezudo,

77.6867 481.804 14.8884 7.1219 2017)

149.344 474.511 23.7524 7.1219 Semantic
174.692 474.511 22.3357 7.1219 Analysis
198.623 474.511 9.2151 7.1219 and
209.434 474.511 25.5202 7.1219 Discourse
236.549 474.511 15.5967 7.1219 Based

281.720 474.511 13.4716 7.1219 DUC
296.787 474.511 12.7633 7.1219 2002

333.137 474.511 8.8641 7.1219 F-1
343.596 474.511 23.5674 7.1219 Measure,
368.759 474.511 27.0390 7.1219 ROUGE-1

425.031 474.511 18.4365 7.1219 Single-
445.063 474.511 26.5859 7.1219 Document

77.6867 489.462 24.8118 7.1219 (Alshaina
104.094 489.462 4.6075 7.1219 et
110.296 489.462 7.7984 7.1219 al.,
119.690 489.462 14.8884 7.1219 2017)

149.344 489.462 29.1641 7.1219 Abstractive
183.033 489.462 38.9982 7.1219 Summarization
226.555 489.462 13.8290 7.1219 using
244.909 489.462 25.8712 7.1219 Predicate-

149.344 496.756 25.7627 7.1219 Argument
176.702 496.756 23.3951 7.1219 Structure

281.720 489.462 13.4716 7.1219 DUC
296.787 489.462 12.7633 7.1219 2002

333.137 489.462 21.6274 7.1219 Pyramid
356.359 489.462 14.5310 7.1219 Score

425.031 489.462 42.8974 7.1219 Multi-Document

77.6867 504.414 15.2457 7.1219 (Song
94.5279 504.414 4.6075 7.1219 et
100.730 504.414 7.7984 7.1219 al.,
110.124 504.414 18.0792 7.1219 2018b)

149.344 504.414 29.1641 7.1219 Abstractive
180.748 504.414 38.9982 7.1219 Summarization
221.993 504.414 13.8290 7.1219 using
238.062 504.414 13.4653 7.1219 Deep
253.773 504.414 17.0071 7.1219 Learn-

149.344 511.707 8.1557 7.1219 ing

281.720 504.414 13.4716 7.1219 CNN
298.414 504.414 9.2151 7.1219 and
310.858 504.414 11.3402 7.1219 Dai-

281.720 511.707 17.0198 7.1219 lyMail

333.137 504.414 28.4557 7.1219 ROUGE-N

425.031 504.414 45.0224 7.1219 Single-Document

77.6867 519.365 11.6975 7.1219 (Niu
90.9797 519.365 4.6075 7.1219 et
97.1826 519.365 7.7984 7.1219 al.,
106.576 519.365 14.8884 7.1219 2017)

149.344 519.365 15.9477 7.1219 Graph
168.202 520.737 4.0587 5.7499 +
175.172 519.365 17.3644 7.1219 Neural
195.447 519.365 24.7480 7.1219 Networks
223.105 519.365 15.5967 7.1219 Based
241.612 519.365 29.1705 7.1219 Abstractive

149.344 526.658 38.9982 7.1219 Summarization

281.720 519.365 26.2349 7.1219 DUC2004

333.137 519.365 28.6344 7.1219 ROUGE-2,
363.366 519.365 35.1947 7.1219 ROUGE-SU4

425.031 519.365 16.3115 7.1219 Multi-
442.938 519.365 26.5859 7.1219 Document

77.6867 534.316 25.5202 7.1219 (Nallapati
104.802 534.316 4.6075 7.1219 et
111.005 534.316 7.7984 7.1219 al.,
120.399 534.316 14.8884 7.1219 2016)

149.344 534.316 24.1098 7.1219 Attention
176.760 534.316 44.8757 7.1219 Encoder-Decoder
224.947 534.316 25.1628 7.1219 Recurrent
253.416 534.316 17.3644 7.1219 Neural

149.344 541.610 24.7480 7.1219 Networks

281.720 534.316 27.8303 7.1219 DUC2003,

281.720 541.610 27.8303 7.1219 DUC2004,

281.720 548.903 13.4716 7.1219 CNN

310.143 548.903 12.0549 7.1219 Mail

281.720 556.196 18.4365 7.1219 Corpus

333.137 534.316 28.6344 7.1219 ROUGE-1,

385.460 534.316 28.6344 7.1219 ROUGE-2,

333.137 541.610 27.7474 7.1219 ROUGE-L

425.031 534.316 45.0224 7.1219 Single-Document

77.6867 563.854 15.2457 7.1219 (Rush
94.5279 563.854 4.6075 7.1219 et
100.730 563.854 7.7984 7.1219 al.,
110.124 563.854 14.8884 7.1219 2015)

149.344 563.854 24.1098 7.1219 Attention
175.049 563.854 16.6625 7.1219 Model
193.307 563.854 15.5967 7.1219 Based
210.499 563.854 13.4653 7.1219 Deep
225.560 563.854 23.0377 7.1219 Learning

281.720 563.854 13.4716 7.1219 DUC
297.208 563.854 14.3587 7.1219 2003,
313.692 563.854 8.5067 7.1219 Gi-

281.720 571.148 23.0249 7.1219 gawords,
308.727 571.148 13.4716 7.1219 DUC

281.720 578.441 12.7633 7.1219 2004

333.137 563.854 28.6344 7.1219 ROUGE-1,

385.460 563.854 28.6344 7.1219 ROUGE-2,

333.137 571.148 27.7474 7.1219 ROUGE-L

425.031 563.854 45.0224 7.1219 Single-Document

77.6867 586.099 20.9126 7.1219 (Chopra
100.194 586.099 4.6075 7.1219 et
106.397 586.099 7.7984 7.1219 al.,
115.791 586.099 14.8884 7.1219 2016)

149.344 586.099 36.1392 7.1219 Convolutional
187.079 586.099 13.4716 7.1219 RNN
202.146 586.099 15.5967 7.1219 Based
219.338 586.099 13.4653 7.1219 Deep
234.398 586.099 23.0377 7.1219 Learning

281.720 586.099 29.4066 7.1219 Gigawords,

281.720 593.393 13.4716 7.1219 DUC
296.787 593.393 12.7633 7.1219 2004

333.137 586.099 28.6344 7.1219 ROUGE-1,

385.460 586.099 28.6344 7.1219 ROUGE-2,

333.137 593.393 27.7474 7.1219 ROUGE-L

425.031 586.099 45.0224 7.1219 Single-Document

77.6867 601.051 10.9892 7.1219 (Liy
90.2713 601.051 4.6075 7.1219 et
96.4743 601.051 7.7984 7.1219 al.,
105.868 601.051 14.8884 7.1219 2017)

149.344 601.051 13.4653 7.1219 Deep
166.900 601.051 23.0377 7.1219 Learning
194.028 601.051 15.5967 7.1219 Based
213.722 601.051 57.0582 7.1219 Sequence-to-sequence

149.344 608.344 16.6625 7.1219 Model

281.720 601.051 29.4066 7.1219 Gigawords,

281.720 608.344 13.4716 7.1219 DUC

307.840 608.344 14.3587 7.1219 2004,

281.720 615.637 19.1513 7.1219 LCSTS

333.137 601.051 30.1277 7.1219 F-Measures

374.094 601.051 5.3159 7.1219 of

390.246 601.051 23.8482 7.1219 ROUGE-

333.137 608.344 4.7862 7.1219 1,
347.017 608.344 28.6344 7.1219 ROUGE-2,
384.751 608.344 29.3428 7.1219 ROUGE-L,

333.137 615.637 35.1947 7.1219 ROUGE-SU4

425.031 601.051 45.0224 7.1219 Single-Document

77.6867 623.295 21.9784 7.1219 (Baumel
101.260 623.295 4.6075 7.1219 et
107.463 623.295 7.7984 7.1219 al.,
116.857 623.295 14.8884 7.1219 2018)

149.344 623.295 13.4653 7.1219 Deep
165.521 623.295 23.0377 7.1219 Learning
191.265 623.295 15.5967 7.1219 Based
209.574 623.295 6.3816 7.1219 on
218.661 623.295 26.2604 7.1219 Relevance
247.634 623.295 23.1462 7.1219 Sensitive

149.344 630.589 24.1098 7.1219 Attention
175.049 630.589 16.6625 7.1219 Model

281.720 623.295 33.4908 7.1219 Debatepedia,

281.720 630.589 13.4716 7.1219 DUC

281.720 637.882 27.1220 7.1219 2005,2006

281.720 645.176 9.2151 7.1219 and
292.530 645.176 12.7633 7.1219 2007

333.137 623.295 28.6344 7.1219 ROUGE-1,

385.460 623.295 28.6344 7.1219 ROUGE-2,

333.137 630.589 27.7474 7.1219 ROUGE-L

425.031 623.295 42.8974 7.1219 Multi-Document

425.031 630.589 38.6344 7.1219 Query-Speciﬁc

77.6867 652.833 17.3644 7.1219 (Nema
96.6466 652.833 4.6075 7.1219 et
102.849 652.833 7.7984 7.1219 al.,
112.243 652.833 14.8884 7.1219 2018)

149.344 652.833 13.4653 7.1219 Deep
165.056 652.833 23.0377 7.1219 Learning
190.340 652.833 15.5967 7.1219 Based
208.183 652.833 6.3816 7.1219 on
216.817 652.833 23.4972 7.1219 Diversity
242.561 652.833 17.4665 7.1219 Driven
262.273 652.833 8.5067 7.1219 At-

149.344 660.126 17.7282 7.1219 tention
168.668 660.126 16.6625 7.1219 Model

281.720 652.833 31.8954 7.1219 Debatepedia

281.720 660.126 14.5310 7.1219 based
297.846 660.126 17.7218 7.1219 dataset

333.137 652.833 28.6344 7.1219 ROUGE-1,
370.520 652.833 27.0390 7.1219 ROUGE-2
404.879 652.833 9.2151 7.1219 and

333.137 660.126 27.7474 7.1219 ROUGE-L

425.031 652.833 42.8974 7.1219 Multi-Document
469.799 652.833 15.9477 7.1219 Query

425.031 660.126 20.5616 7.1219 Speciﬁc

77.6867 667.785 11.6018 7.1219 (Fan
90.8840 667.785 4.6075 7.1219 et
97.0869 667.785 7.7984 7.1219 al.,
106.480 667.785 14.8884 7.1219 2018)

149.344 667.785 44.8757 7.1219 Encoder-Decoder
198.125 667.785 36.1392 7.1219 Convolutional
238.170 667.785 17.3644 7.1219 Neural
259.440 667.785 11.3402 7.1219 Net-

149.344 675.078 13.0504 7.1219 work
163.990 675.078 16.6625 7.1219 Model

281.720 667.785 15.5967 7.1219 CNN-

281.720 675.078 25.5265 7.1219 Dailymail

333.137 667.785 28.6344 7.1219 ROUGE-1,
370.520 667.785 27.0390 7.1219 ROUGE-2
404.879 667.785 9.2151 7.1219 and

333.137 675.078 27.7474 7.1219 ROUGE-L

425.031 667.785 32.6102 7.1219 Personalized
464.119 667.785 21.6274 7.1219 Control-

425.031 675.078 12.4059 7.1219 lable
439.033 675.078 45.0224 7.1219 Single-Document

244.182 691.818 16.0235 8.1394 Table
262.029 691.818 5.6742 8.1394 5:
269.964 691.818 28.3638 8.1394 Summary
300.151 691.818 6.0753 8.1394 of
308.050 691.818 18.8606 8.1394 Works

280.988 706.771 9.1166 10.1742 25

210.051 21.8897 72.3402 12.7684 ACCEPTED
285.891 21.8897 90.2327 12.7684 MANUSCRIPT

54.9470 623.773 45.6014 26.4027 A
79.5679 599.382 45.6014 24.3914 C
102.313 574.991 45.6014 24.3914 C
125.058 552.647 45.6014 22.3435 E
145.894 532.315 45.6014 20.3323 P
164.854 509.971 45.6014 22.3435 T
185.689 487.628 45.6014 22.3435 E
206.525 461.225 45.6014 26.4027 D

239.671 419.573 45.6014 32.5097 M

269.987 393.171 45.6014 26.4027 A
294.608 366.768 45.6014 26.4027 N
319.229 340.365 45.6014 26.4027 U
343.850 320.033 45.6014 20.3323 S
362.810 295.642 45.6014 24.3914 C
385.555 271.250 45.6014 24.3914 R
408.300 259.073 45.6014 12.1774 I
419.656 238.741 45.6014 20.3323 P
438.616 216.397 45.6014 22.3435 T

57.8295 122.539 26.4289 6.6372 Som
88.3639 122.539 40.6384 6.6372 Gupta:
133.107 122.539 44.7382 6.6372 Author:

57.8295 138.596 36.7553 6.6372 Roles-
98.6903 138.596 108.042 6.6372 Conceptualization,
210.837 138.596 78.9675 6.6372 Methodology,
293.910 138.596 62.2263 6.6372 Validation,
360.242 138.596 77.7643 6.6372 Visualization,
442.112 138.596 43.2841 6.6372 Written

57.8295 154.653 26.3548 6.6372 both
88.2898 154.653 18.9479 6.6372 the
111.343 154.653 43.3640 6.6372 original
158.812 154.653 21.6791 6.6372 and
184.597 154.653 42.3718 6.6372 revised
231.074 154.653 42.6170 6.6372 version

57.8295 186.767 20.3220 6.6372 S.K
82.2570 186.767 40.6384 6.6372 Gupta:
127.000 186.767 59.9797 6.6372 Co-Author

57.8295 202.824 36.7553 6.6372 Roles-
98.6903 202.824 40.4445 6.6372 Helped
143.240 202.824 43.8201 6.6372 Finalize
191.165 202.824 18.9479 6.6372 the
214.219 202.824 32.5016 6.6372 topic,
250.826 202.824 46.7510 6.6372 Decided
301.682 202.824 18.9479 6.6372 the
324.736 202.824 80.4842 6.6372 methodology,
409.325 202.824 65.0203 6.6372 Supervised

57.8295 218.881 37.5194 6.6372 during
99.4544 218.881 18.9479 6.6372 the
122.507 218.881 40.2164 6.6372 writing
166.829 218.881 48.8037 6.6372 process,
219.738 218.881 54.5286 6.6372 Validated
278.372 218.881 18.9479 6.6372 the
301.426 218.881 54.4430 6.6372 contents,
359.974 218.881 55.9370 6.6372 Reviewed
420.017 218.881 18.9479 6.6372 the
443.070 218.881 50.1950 6.6372 contents
